2135 2728
342 734 542 773 Prevost
582 736 620 773 et
662 734 876 778 Damas,
921 729 1212 784 praeelarissimi
1243 729 1310 771 viri
1359 731 1423 784 qui
1468 731 1581 786 primi
1620 733 1919 774 observaverunt

218 804 570 857 segmentationem
601 817 774 845 ovorum.
819 803 922 856 quod
948 802 1107 856 quidem
1133 806 1192 844 est
1219 801 1370 843 initium
1392 806 1506 855 atque
1534 803 1704 857 primum
1735 803 1922 844 indicium

219 878 459 920 evolutionis.
509 878 548 918 in
581 877 661 919 ovis
701 877 828 931 primo
859 874 1177 928 segmentationis
1214 875 1322 916 sulco
1365 875 1494 918 divisis
1536 890 1715 918 ranarum
1747 877 1920 932 proprie-

218 955 337 992 tatem
373 951 569 1004 quandam
610 949 970 991 animadverterunt
1004 952 1041 988 et
1075 947 1363 1002 descripserunt
1374 945 1418 1001 l).
1462 962 1560 1001 quae
1591 954 1726 1003 postea
1757 962 1920 990 coronae

218 1021 404 1077 plicarum
448 1021 625 1063 nomine.
672 1021 808 1074 lingua
853 1019 1057 1062 vernacula
1100 1021 1407 1067 ‚,Faltenkram·‘
1438 1020 1628 1074 appellata
1661 1025 1728 1062 est.
1790 1021 1921 1062 Primo

219 1094 325 1136 sulco
357 1097 567 1148 apparente
596 1093 635 1133 in
664 1093 775 1146 nigra
798 1091 915 1133 vitelli
937 1091 1140 1146 superficie
1162 1090 1351 1145 plurimae
1371 1092 1597 1133 exoriuntur
1618 1106 1737 1145 rugae
1770 1096 1919 1135 tenues.

220 1179 317 1219 quae
347 1165 462 1206 rectis
496 1164 606 1206 lineis
642 1165 681 1206 in
719 1165 871 1207 sulcum
902 1167 1081 1217 vergunt,
1120 1165 1190 1205 sed
1220 1164 1349 1218 paullo
1380 1168 1468 1219 post
1506 1169 1752 1206 evanescunt.
1799 1168 1922 1216 Quam

217 1251 300 1279 rem
336 1237 472 1292 paucis
507 1237 666 1291 quidem
703 1237 830 1279 verbis
863 1237 1097 1291 descriptam
1129 1240 1316 1279 Damas
1355 1239 1506 1279 duabus
1543 1238 1718 1279 iconibus
1752 1238 1922 1294 apertius

218 1310 391 1366 depinxit
409 1308 450 1364 “·’.)

335 1386 582 1436 Quamquam
624 1382 765 1423 exinde
805 1381 869 1423 illa
908 1382 1166 1435 segmentatio
1202 1395 1362 1423 ovorum
1406 1395 1584 1424 ranarum
1623 1383 1765 1423 iterum
1802 1387 1917 1435 atque

216 1455 357 1496 iterum
393 1456 671 1497 observabatur
703 1459 741 1495 et
773 1455 1065 1496 describebatur
1096 1455 1237 1496 mirum
1268 1459 1398 1496 tamen
1432 1455 1471 1496 in
1492 1456 1654 1496 modum
1685 1454 1725 1495 id
1758 1455 1807 1494 de
1840 1468 1916 1507 quo

215 1527 368 1580 agimus
405 1526 717 1581 phaenomenon.
766 1528 869 1580 quod
917 1527 1056 1569 dieitur
1097 1527 1406 1569 ..Faltenkranzn
1450 1527 1603 1582 plurimi
1651 1528 1916 1569 observatores

216 1599 366 1641 silentio
405 1599 697 1654 praeterierunt.
735 1613 863 1652 neque
896 1614 1062 1653 usquam
1092 1600 1330 1642 mentionem
1368 1601 1542 1641 fecerunt
1586 1600 1853 1655 descriptionis
1897 1616 1917 1641 a

216 1674 482 1714 Po=ev1›‚<·r2·0
515 1676 553 1713 et
575 1674 820 1713 Damasia
861 1672 1030 1726 primum
1054 1672 1193 1713 editae.
1231 1672 1359 1714 Etiam
1380 1674 1679 1714 Rem-Izertus.
1718 1673 1780 1726 qui
1815 1686 1916 1714 unus

217 1757 264 1784 ex
301 1743 485 1785 omnibus
542 1743 802 1796 embryologis
857 1744 1028 1785 animum
1072 1744 1112 1785 in
1164 1758 1249 1785 eam
1294 1759 1377 1785 rem
1417 1745 1631 1786 accuratius
1682 1745 1847 1786 intendit
1868 1739 1915 1797 κ).

217 1813 385 1867 primum
420 1813 521 1856 hancv
553 1829 737 1856 eoronam
769 1816 995 1857 observasse
1025 1816 1120 1857 dixit
1153 1818 1193 1858 (s.
1220 1818 1266 1857 11
1290 1818 1530 1863 Baerinm,
1555 1816 1619 1870 qui
1648 1817 1769 1857 multo
1793 1818 1915 1859 serius

218 1890 255 1927 et
285 1886 439 1929 brevius
475 1901 559 1928 rem
589 1887 820 1941 attige1·at⁴).
853 1902 980 1942 neque
1011 1888 1050 1929 in
1087 1889 1238 1931 tabulis.
1273 1889 1413 1942 quibus
1450 1889 1624 1943 depinxit
1646 1902 1716 1930 ova
1737 1903 1915 1931 ranarum

218 1963 470 2010 segmentata.
517 1973 633 2012 rugas
672 1960 755 2001 illas
803 1961 1057 2002 adumbravit.
1121 1962 1415 2003 Reielwrtvs
1460 1961 1567 2013 rugis
1615 1974 1756 2002 nomen
1809 1962 1918 2018 dedit

220 2043 381 2071 coronae
425 2032 611 2085 plicarum
655 2048 798 2087 easque
839 2047 915 2074 11011
948 2034 1075 2075 solum
1105 2046 1289 2088 apparere
1326 2033 1365 2073 in
1401 2032 1525 2087 primo
1560 2032 1666 2074 sulee
1703 2034 1773 2074 sed
1800 2034 1914 2075 etiam

218 2099 258 2142 in
288 2101 462 2155 plurimis
503 2105 619 2146 suleis
659 2106 911 2158 sequentibus
950 2106 1161 2146 confirmat.
1222 2105 1358 2146 leones
1399 2118 1475 2145 11011
1517 2104 1650 2145 edidit.
1715 2105 1913 2146 Minimam

320 2236 347 2271 1)
373 2237 499 2265 Annales
525 2239 575 2267 des
598 2240 724 2267 scieuces
746 2239 904 2267 naturelles
929 2240 948 2267 I.
963 2250 1019 2268 ser.
1048 2241 1135 2268 1824.
1161 2239 1290 2273 'l'0111.11‚
1313 2240 1424 2276 p.41(›.

317 2286 347 2322 2)
372 2287 389 2314 l.
406 2297 428 2315 c.
456 2287 528 2316 Tab.
543 2289 588 2323 VL
613 2291 660 2326 fig.
676 2289 710 2317 E.
726 2289 759 2317 F.

317 2337 346 2373 3)
372 2337 482 2366 Archiv
504 2339 550 2366 fiir
575 2340 741 2373 Anatomie,
772 2340 955 2376 Physiologie
979 2344 1033 2368 etc.
1059 2341 1147 2367 1841.
1169 2350 1196 2376 p.
1213 2341 1281 2367 534.
1306 2338 1435 2366 'Eodem
1461 2338 1522 2366 loco
1550 2340 1637 2367 1861.
1660 2348 1687 2375 p.
1711 2340 1776 2366 133.

318 2386 348 2421 4)
375 2388 485 2416 leodem
510 2389 572 2417 loco
596 2391 672 2418 1837
696 2400 725 2427 p.
742 2392 811 2418 486.
