2135 2728
1045 151 1067 190 8

218 270 333 309 quam
358 255 527 296 fulminis
548 254 666 296 instar
692 258 921 309 apparentes
948 252 1037 302 vidi.
1071 257 1113 294 ut
1134 255 1403 295 Remalcossus
1437 253 1640 308 descripsit
1652 253 1691 307 ⁷).
1723 254 1801 295 imo
1823 268 1912 296 vero

217 327 475 382 complurium
510 325 628 367 horae
667 325 999 379 sexagesimarum
1031 325 1197 379 spatium
1232 330 1517 366 consumentes.

333 400 459 441 Ovum
490 399 529 439 in
552 399 631 452 ,fig
658 399 710 439 13
752 398 948 452 depictum
979 401 1263 439 commuta-tum
1294 397 1372 437 vidi
1404 397 1443 437 in
1474 398 1636 438 formam
1667 398 1732 449 fig.
1755 398 1809 439 14
1840 399 1913 439 de-

215 471 405 513 lineatam.
475 472 536 512 Ex
567 485 644 524 quo
680 475 838 525 apparet
872 484 920 511 ne
952 470 992 511 in
1025 469 1187 522 singulis
1221 468 1380 522 quidem
1420 482 1579 510 ovorum
1614 469 1787 523 partibus
1823 484 1912 523 seg-

216 543 492 585 mentationem
529 543 611 597 pari
642 543 759 584 modo
791 542 986 597 progredi.
1050 542 1198 583 Pariter
1230 540 1432 582 observavi
1463 541 1629 593 figuram
1660 543 1684 583 9
1728 541 1767 581 in
1812 542 1912 594 figu-

215 629 298 657 ram
323 616 375 657 10
406 615 557 656 mutari.
600 629 674 668 qua
705 615 744 656 in
774 614 985 656 mutatione
1016 615 1088 656 tria
1117 614 1234 655 vitelli
1267 618 1472 665 segmenta
1501 613 1539 653 in
1572 613 1824 654 directionem
1854 627 1912 653 ra-

217 687 358 728 dialem
391 687 673 733 dividebantur,
706 702 827 728 unum
863 700 998 727 eorum
1029 686 1068 727 in
1100 685 1353 726 direetionem
1383 684 1496 738 plane
1531 684 1732 726 diversam.

333 760 499 801 Maxime
532 759 726 812 singulare
759 759 1005 812 notabileque
1044 757 1138 799 inihi
1172 757 1324 798 videtur
1365 770 1480 797 ovum
1511 770 1623 797 ranae
1659 757 1911 811 temporariae

217 832 361 884 fig-,15
408 832 655 881 delineatum,
703 832 807 884 quod
852 835 1030 884 quartum
1075 828 1158 870 iniit
1204 827 1523 881 segmentationis
1568 828 1745 869 stadium.
1809 828 1911 870 Sulci

217 904 426 947 novissimi.
468 918 609 945 corona
638 904 826 958 plicarum
858 902 1042 945 exornati.
1093 901 1344 942 directionem
1377 900 1521 941 habent
1553 900 1773 954 parallelam
1805 901 1911 943 sulco

218 975 457 1017 meridionali
496 975 619 1030 primo
651 975 711 1016 vel
748 975 932 1016 secundo.
995 974 1145 1015 Eadem
1186 979 1244 1015 est
1288 974 1421 1019 forma,
1466 987 1581 1025 quam
1631 975 1845 1014 Premst
1876 979 1912 1014 et

219 1051 413 1090 Damas
444 1048 644 1100 vulgarem
677 1047 966 1101 desoripserunt
996 1050 1034 1087 et
1054 1047 1079 1087 l.
1096 1061 1126 1087 o.
1142 1047 1218 1087 tab.
1234 1046 1286 1088 VI
1308 1046 1373 1098 fig.
1392 1047 1430 1086 H.
1462 1045 1764 1086 delineaverunt.
1797 1059 1912 1098 quam

223 1120 381 1173 quidem
409 1120 465 1161 vir
491 1119 771 1160 illustrissimus
799 1120 840 1160 (J.
865 1120 913 1159 E.
938 1120 1095 1159 Baerv'
1110 1135 1178 1162 ns,
1214 1117 1277 1170 qui
1309 1117 1457 1171 primus
1491 1120 1577 1170 post
1602 1119 1913 1158 Prevostdmn

221 1195 258 1232 et
290 1193 585 1232 Dumasmm
629 1192 678 1231 de
720 1189 1029 1242 seg-mentatione
1060 1203 1222 1230 ovorum
1254 1202 1434 1230 ranarum
1468 1187 1681 1229 accuratius
1718 1187 1910 1237 disseruit,

219 1276 261 1304 se
296 1277 495 1316 nunquam
526 1262 716 1317 reperisse
747 1262 910 1305 affirmat
924 1260 963 1315 s).
1009 1262 1137 1313 Quum
1167 1275 1282 1302 nemo
1314 1260 1412 1301 inter
1448 1274 1582 1301 omnes
1614 1259 1909 1313 Emmyologos,

221 1335 285 1388 qui
327 1340 462 1390 postea
500 1336 548 1375 de
587 1333 659 1375 hae
692 1348 733 1375 re
765 1334 1012 1389 seripserunt.
1045 1333 1285 1375 mentionem
1316 1333 1398 1375 eius
1431 1333 1574 1373 formae
1606 1331 1727 1381 faciat,
1770 1332 1911 1373 mirum

219 1406 384 1456 videtur,
429 1421 492 1447 me
523 1407 644 1448 multa
680 1407 745 1448 tali
782 1408 899 1448 modo
937 1408 1098 1448 formata
1131 1419 1205 1447 ova
1241 1419 1355 1446 ranae
1386 1404 1639 1459 temporariae
1673 1405 1909 1446 observasse.

337 1478 449 1529 Quod
480 1493 596 1520 ovum
627 1484 806 1532 quattuor
836 1479 951 1520 sulcis
986 1478 1151 1520 divisum
1186 1478 1225 1518 in
1256 1478 1321 1530 fig.
1349 1476 1399 1518 15
1451 1476 1650 1523 delineari,
1694 1476 1733 1516 in
1779 1476 1911 1530 quinto

219 1551 537 1603 segmentationis
570 1552 693 1593 stadio
722 1552 884 1593 formam
906 1551 1082 1606 praebuit
1104 1565 1200 1599 eain,
1226 1564 1341 1603 quam
1364 1550 1429 1602 fig.
1453 1549 1504 1590 1ss
1527 1548 1764 1591 adumbravi.
1799 1563 1913 1602 quam

221 1623 386 1663 eandem
420 1625 608 1665 Damas
638 1623 662 1664 l.
681 1637 712 1664 c.
748 1624 813 1676 fig.
832 1625 861 1664 L
895 1622 1079 1677 depinxit.
1141 1622 1271 1663 Etiam
1300 1622 1338 1662 in
1372 1621 1446 1662 hoo
1479 1621 1602 1663 stadio
1636 1620 1756 1675 plicas
1785 1625 1913 1662 tener-

218 1693 333 1735 rimas
370 1694 409 1734 in
446 1694 597 1735 sulcum
630 1695 881 1737 novissimum
912 1700 1118 1747 vergentes
1155 1695 1244 1736 vidi.
1294 1695 1392 1736 siout
1434 1695 1559 1746 figura
1598 1695 1723 1735 docet.
1786 1693 1913 1735 Plieae

218 1771 308 1807 sunt
344 1766 466 1808 multo
504 1767 699 1809 breviores
738 1781 853 1820 quam
886 1767 922 1808 in
967 1766 1099 1821 primis
1135 1765 1452 1817 segmentationis
1485 1764 1630 1807 stadiis,
1679 1778 1811 1805 verum
1842 1779 1913 1804 nu-

220 1849 328 1878 mero
359 1836 450 1878 satis
481 1851 635 1890 magno.
677 1839 886 1892 Nunquam
918 1838 990 1879 nisi
1021 1837 1251 1878 clarissimae
1290 1836 1386 1878 lueis
1419 1850 1491 1890 ope
1524 1835 1794 1890 percipiendae
1825 1840 1914 1877 sunt

218 1905 291 1948 hae
328 1908 470 1962 plioae;
505 1909 544 1949 in
574 1924 665 1951 rana
696 1911 892 1952 esculenta
926 1910 1048 1951 nullas
1081 1910 1168 1950 w'di.

322 2340 351 2376 7)
376 2340 484 2368 Archiv
507 2341 553 2368 fiir
574 2340 737 2373 Anatomie,
763 2339 946 2375 physiologia
966 2342 1019 2366 etc.
1046 2340 1134 2371 1851,
1156 2348 1184 2375 p.
1199 2338 1267 2364 495.
1315 2336 1576 2371 Untersucbungen
1600 2335 1670 2362 uber
1691 2336 1737 2363 die
1751 2336 1913 2363 Entwicke-

225 2391 297 2428 lung
317 2391 369 2419 der
391 2391 606 2419 Wirbelthiere.
633 2391 721 2423 1858,
744 2391 854 2427 p.129.

324 2440 354 2476 8)
376 2441 395 2469 l.
419 2451 441 2469 s.
467 2451 489 2469 c.
514 2451 580 2478 pag.
595 2441 664 2468 483.
