2135 2728
1075 139 1096 178 6

245 256 375 285 carum
417 252 562 296 paucae
601 244 751 281 tantum
791 239 975 293 reliquiae
1013 239 1303 294 conspiciuntur
1350 238 1412 294 (cf.
1446 240 1511 293 fig.
1537 239 1591 295 5).
1654 242 1834 296 Denique
1865 241 1940 284 hae

245 328 398 369 quoque
442 313 631 362 delentur.
679 312 731 353 ita
770 316 813 356 ut
853 312 935 354 sola
974 312 1075 353 linea
1116 311 1343 354 tenuissima
1382 313 1511 354 locum
1552 313 1709 363 indicet,
1748 328 1823 367 quo
1856 315 1941 357 loco

244 386 397 429 vitellus
429 385 469 426 in
507 386 602 426 duas
636 388 766 438 partes
798 383 990 426 dissectus
1023 383 1073 426 sit
1103 379 1163 435 (cf.
1196 383 1262 434 fig.
1288 380 1342 436 5).

362 457 566 500 Secundus
607 456 758 506 sulcus,
804 455 903 498 sicut
950 455 1097 510 primus
1143 453 1355 495 directione
1405 455 1647 497 meridionali
1687 456 1727 497 in
1768 457 1942 499 vitellum

244 530 430 571 incidens.
473 528 580 569 idem
610 527 710 582 capit
750 528 903 569 initium
934 542 978 568 ac
1016 526 1178 582 primus.
1240 526 1287 566 In
1328 525 1458 566 media
1495 527 1698 581 superficie
1739 528 1940 582 utriusque

243 601 361 645 vitelli
391 600 509 656 partis
540 599 668 642 brevis
699 604 857 654 apparet
891 599 1094 653 impressio
1138 598 1309 639 linearis.
1354 602 1460 639 recto
1499 599 1642 651 angulo
1683 600 1733 640 ad
1771 599 1941 654 primum

244 674 396 722 sulcum
443 685 693 724 convergens.
772 672 877 723 Quae
923 671 990 712 ubi
1032 671 1203 726 primum
1254 670 1398 711 exstitit
1442 670 1571 712 statim
1608 670 1844 713 circumdata
1882 676 1941 714 est

244 746 351 800 plicis
383 746 423 787 in
451 745 613 786 modum
641 744 839 785 radiorum
861 742 1055 798 dispositis
1078 743 1216 784 eadem
1238 742 1371 783 forma.
1396 756 1494 795 quae
1516 743 1716 784 observata
1737 748 1795 785 est
1816 744 1940 798 primo

244 818 350 859 sulco
386 820 592 871 apparente
629 814 690 869 (cf.
722 816 788 868 fig.
812 814 866 869 G).

361 890 450 930 Non
481 902 634 943 semper
665 891 829 941 utraque
851 887 1054 942 impressio
1084 887 1226 928 eodem
1248 885 1419 926 exoritur
1439 890 1649 935 momento,
1687 900 1801 940 saepe
1823 887 1942 928 altera

244 961 352 1002 alteri
392 960 510 1002 horae
552 961 631 1001 fere
671 959 913 1012 sexagesima
954 963 1062 1013 parte
1108 957 1316 1012 praecedit.
1393 958 1495 998 Raro
1541 957 1678 1005 evenit,
1725 962 1768 999 ut
1810 959 1939 1001 sulcus

243 1033 442 1088 proveniat
474 1032 582 1087 plicis
617 1046 696 1073 non
727 1031 956 1086 conspicuis.
1009 1029 1214 1072 Eiusmodi
1251 1029 1474 1083 exemplum
1508 1030 1573 1081 fig.
1600 1028 1621 1071 ’ἶ
1656 1030 1854 1084 depictum
1885 1038 1942 1074 est

246 1121 290 1148 ea
328 1119 482 1159 quoque
520 1104 752 1159 proprietate
784 1103 949 1156 insigne⁷
986 1104 1090 1156 quod
1122 1103 1216 1143 alter
1251 1102 1367 1143 vitelli
1400 1102 1639 1154 semiglobus
1670 1103 1821 1144 sulcum
1854 1104 1938 1145 lon-

245 1178 333 1231 gius
366 1178 442 1219 iam
485 1181 707 1231 porrectum
738 1176 910 1230 praebet.
954 1190 1075 1228 quum
1106 1175 1146 1216 in
1180 1175 1301 1216 altero
1333 1175 1483 1215 nullum
1526 1174 1655 1216 adhuc
1694 1176 1791 1217 sulci
1823 1176 1938 1218 vesti-

243 1250 353 1303 gium
391 1253 584 1304 appareat.
657 1248 890 1301 Priusquam
922 1246 1078 1288 alterius
1120 1248 1217 1289 sulci
1259 1247 1521 1289 meridionalis
1564 1248 1768 1289 exordium
1800 1248 1838 1289 in
1869 1249 1937 1289 ad-

243 1325 420 1377 spectum
440 1322 604 1376 prodeat
629 1335 745 1375 saepe
766 1321 820 1362 fit.
851 1324 894 1361 ut
914 1319 1051 1374 prioris
1075 1319 1171 1361 sulci
1192 1333 1279 1373 pars
1302 1319 1479 1361 centralis
1502 1319 1693 1361 dilatetim
1728 1321 1937 1374 Utriusque

242 1392 361 1434 vitelli
402 1393 519 1447 partis
561 1392 809 1447 superficiem
849 1406 938 1432 cum
986 1390 1201 1432 declivitate
1246 1392 1412 1444 quadam
1458 1391 1497 1432 in
1537 1391 1667 1433 locum
1709 1394 1937 1447 depressum

245 1469 473 1517 vergentem
506 1465 636 1507 videas
670 1465 709 1505 in
744 1466 869 1517 figura
899 1464 923 1504 6
958 1463 1200 1505 delineatam.
1257 1464 1340 1514 Quo
1369 1465 1541 1505 secundo
1573 1464 1680 1506 sulco
1712 1466 1761 1505 ad
1798 1479 1938 1518 aequa-

245 1541 370 1578 torem
408 1536 526 1578 vitelli
556 1538 757 1591 perducto7
790 1536 1020 1595 plerumque
1079 1549 1219 1577 corona
1270 1541 1428 1591 apparet
1472 1536 1659 1591 plicarum
1689 1550 1769 1578 non
1813 1537 1939 1578 minus

244 1608 406 1664 pulchra
439 1623 554 1662 quam
594 1610 633 1651 in
663 1609 789 1664 priore
829 1606 891 1661 (cf.
924 1609 988 1660 fig.
1015 1607 1069 1661 8).
1132 1608 1260 1649 Etiam
1297 1608 1394 1650 haec
1437 1623 1577 1650 corona
1614 1609 1784 1663 persistit
1816 1611 1939 1650 donec

244 1681 374 1723 sulcus
406 1696 529 1735 usque
560 1683 609 1723 ad
642 1681 864 1722 inferiorem
884 1680 1002 1722 vitelli
1023 1680 1152 1721 albam
1173 1680 1418 1734 superficiem
1446 1682 1659 1734 productus
1690 1681 1749 1723 sit.
1795 1681 1938 1721 Omnes

244 1753 377 1807 plicae,
400 1753 498 1795 sicut
530 1757 634 1794 ortae
666 1758 756 1795 sunt
788 1753 998 1807 paullatim.
1035 1751 1088 1792 ita
1118 1756 1355 1793 evanescunt
1386 1753 1617 1794 tardissime.
1681 1752 1834 1795 Subitas
1867 1752 1938 1807 pli-

245 1838 376 1866 carum
407 1825 710 1880 permutationes
742 1839 941 1878 nunquam
971 1823 1061 1865 vidi.
1450 1814 1452 1817 ¹

361 1897 533 1939 Dimidio
564 1897 682 1939 horae
712 1898 772 1940 vel
806 1896 900 1938 hora
931 1900 1019 1951 post
1048 1895 1187 1937 tertius
1221 1901 1378 1950 apparet
1410 1897 1551 1938 sulcus.
1590 1896 1655 1949 qui
1687 1897 1939 1939 directionem

245 1967 363 2010 habet
403 1972 701 2025 aequarer-salem.
768 1969 840 2020 Qui
885 1969 1015 2010 sulcus
1047 1967 1215 2019 globum
1243 1968 1360 2009 vitelli
1405 1968 1444 2009 in
1487 1973 1572 2010 octo
1614 1968 1779 2010 dissecat
1820 1969 1937 2023 parti-

245 2041 361 2089 culas.
407 2055 573 2094 quorum
604 2042 763 2095 quidem
805 2045 984 2094 quattuor
1022 2039 1253 2094 superiores.
1297 2039 1443 2091 nigrae,
1483 2040 1650 2082 minores
1692 2044 1781 2081 sunt
1823 2054 1938 2094 quani

243 2112 442 2155 inferiores
486 2114 649 2155 albidae.
722 2114 913 2155 Coronam
955 2112 1143 2167 plicarum
1184 2110 1258 2152 hoc
1298 2112 1405 2153 sulco
1450 2112 1696 2165 aequatoriali
1741 2112 1937 2154 exoriente

244 2197 444 2237 nunquam
473 2185 734 2227 animadverti.
782 2185 910 2226 Etiam
942 2185 991 2225 de
1023 2183 1149 2239 prima
1179 2183 1295 2226 huius
1328 2184 1425 2226 sulci
1459 2184 1607 2237 origine
1638 2184 1762 2225 nullas
1792 2184 1936 2225 institui

244 2255 542 2306 observationes
589 2257 729 2311 quippe
764 2256 829 2310 qui
858 2256 975 2298 situm
1015 2255 1134 2298 habet
1175 2256 1215 2296 in
1254 2255 1561 2297 circumferentia
1599 2256 1658 2297 ovi
1690 2256 1935 2309 aequatoriali

243 2327 525 2369 absconditum.
587 2328 715 2370 Tertio
759 2328 866 2370 sulco
908 2332 1061 2369 exarato
1100 2328 1226 2380 figura
1263 2327 1386 2369 crucis
1424 2328 1530 2369 initio
1573 2328 1773 2381 regularis,
1822 2342 1936 2381 quam

245 2400 414 2441 efficiunt
445 2401 559 2442 ambo
592 2400 687 2442 sulci
717 2400 987 2442 meridionales
1019 2400 1059 2440 in
1089 2399 1287 2453 superiore
1315 2399 1375 2441 ovi
1408 2399 1623 2453 superficie⁷
1657 2413 1937 2453 saepenumero
