2135 2728
853 390 1066 430 Tabularum
1092 389 1292 441 explicatio.

518 481 626 516 (Omnia
645 480 674 508 in
692 480 734 508 his
753 480 853 508 tabulis
873 479 1011 506 delineata
1030 488 1081 505 ova
1101 481 1136 505 ‘2⁷4
1153 488 1182 504 es
1202 478 1392 511 magnitudine
1413 478 1531 506 adaucta
1549 479 1632 512 sunt.)

235 683 301 721 Fig.
327 684 354 712 1.
387 680 480 711 Ovum
509 689 601 710 ranae
628 681 822 716 temporariae
851 679 924 707 hora
956 681 983 706 et
1012 677 1184 715 sesquihora
1205 679 1273 715 post
1306 676 1567 705 foecundationem.
1612 676 1740 704 Primum
1764 675 1843 713 quod
1868 674 1918 703 ob-

259 806 274 817 »

323 795 351 822 2.

319 900 347 928 3.

307 1609 355 1637 10.

306 1720 353 1747 11.

308 1830 355 1858 12.

308 1940 355 1967 13.

308 1994 357 2022 14.

314 2216 360 2244 16.

384 737 499 766 servavi
525 735 763 773 segmentationis
787 735 912 762 initium.

382 792 462 822 Idem
493 801 580 820 ovum
611 792 717 828 quarta
746 789 836 817 horae
868 791 954 827 parte
984 791 1059 826 post.
1116 787 1230 815 Corona
1262 786 1403 824 plicarum
1435 795 1546 814 summa
1576 786 1755 824 perfectione
1790 788 1819 814 et
1854 785 1918 824 pul-

384 845 551 875 chritudine
574 846 679 873 exstat.

382 898 475 928 Ovum
498 906 590 926 ranae
615 898 809 933 temporariae
831 907 867 925 ex
896 895 997 924 eodem
1024 895 1263 933 segmentationis
1294 894 1401 929 stadio,
1433 893 1543 922 sulcum
1580 894 1705 931 primum
1735 893 1820 922 valde
1851 902 1918 930 pro-

384 953 506 982 fundum
530 955 560 980 ei:
581 961 716 980 coronam
738 951 882 989 plicarum
902 950 1055 989 praebenS.

385 1007 487 1042 Ovum,
512 1007 590 1044 quod
613 1006 662 1043 fig.
681 1007 698 1034 2
725 1005 878 1041 delineavi,
906 1005 1004 1033 decem
1031 1004 1121 1032 horae
1146 1002 1334 1040 sexagesimis
1358 1004 1435 1040 post.
1482 1001 1576 1029 Plicae
1600 1002 1789 1030 evanuerunt,
1826 1009 1918 1037 pauca

384 1062 500 1088 tantum
523 1060 642 1088 residua
664 1069 762 1088 earum
784 1059 996 1087 remanserunt.

387 1115 467 1145 Idem
490 1124 577 1144 ovum
602 1115 699 1143 decem
720 1113 909 1151 sequentibus
931 1112 1021 1141 horae
1048 1111 1235 1148 sexagesimis
1266 1112 1344 1149 post.
1390 1110 1494 1138 Omnes
1524 1111 1617 1148 plicae
1649 1112 1716 1138 sunt
1745 1109 1918 1146 laevigat-ae,

386 1169 484 1198 sulcus
506 1169 646 1197 minorem
664 1168 897 1207 profunditatem
918 1166 1027 1196 habere
1049 1167 1167 1196 videtur
1187 1176 1274 1204 quam
1298 1166 1328 1194 in
1349 1176 1404 1195 ovo
1427 1166 1475 1203 fig.
1492 1167 1508 1193 2
1535 1168 1561 1193 et
1584 1167 1601 1192 4
1624 1165 1778 1193 delineata

385 1224 513 1253 Primum
536 1224 675 1253 indicium
699 1223 818 1252 secundi
839 1222 911 1251 sulci
935 1221 1134 1251 meridionalis
1156 1221 1187 1248 in
1209 1230 1264 1250 ovo
1288 1220 1399 1254 eodem,
1430 1219 1508 1257 quod
1535 1220 1581 1256 fig.
1601 1220 1617 1247 5
1646 1219 1780 1257 depinxi;
1812 1221 1918 1256 quarta

384 1278 474 1307 horae
493 1280 579 1317 parte
600 1280 677 1316 post.

383 1333 478 1363 Ovum
505 1342 597 1362 ranae
619 1334 815 1370 temporariae
842 1342 878 1361 ex
907 1332 1007 1360 eodem
1040 1329 1279 1369 segmentationis
1307 1328 1412 1357 stadia
1457 1328 1561 1356 Sulcus
1592 1327 1733 1356 secundus
1764 1328 1793 1355 in
1825 1327 1918 1355 altera

384 1389 479 1417 solum
502 1388 622 1416 dimidia
644 1389 692 1418 ovi
713 1390 799 1426 parte
821 1390 938 1416 exstans
960 1389 990 1416 ek
1012 1387 1072 1415 sine
1094 1386 1188 1424 plicis.

384 1442 478 1473 Ovum
500 1443 550 1480 fig.
565 1444 581 1471 6
604 1442 782 1471 delineatum
803 1445 909 1480 quarta
931 1441 1021 1470 horae
1042 1444 1127 1479 parte
1149 1442 1226 1479 post.
1270 1439 1385 1468 Corona
1408 1438 1550 1477 plicarum
1573 1438 1645 1466 sulci
1666 1438 1794 1466 secundi.

385 1498 478 1528 Ovum
501 1508 594 1528 ranae
624 1498 784 1528 esculentae
817 1497 898 1526 sulco
931 1496 1125 1535 aequatoriali
1160 1495 1295 1524 divisum.
1341 1494 1474 1529 Quatuor
1505 1494 1664 1532 superioris
1696 1493 1789 1521 vitelli
1820 1496 1919 1530 partes

384 1554 474 1582 situm
494 1552 605 1582 habent
625 1553 825 1590 irregularem,
850 1551 1025 1580 creberrime
1047 1561 1064 1580 a
1084 1561 1130 1580 me
1155 1550 1353 1579 observatum.

386 1607 467 1637 Idem
489 1618 577 1637 ovum
599 1608 721 1637 dimidia
742 1608 833 1636 horae
863 1609 948 1645 parte
969 1608 1046 1644 post.
1092 1606 1211 1634 Initium
1235 1605 1334 1644 quarti
1366 1604 1605 1641 segmentationis
1629 1602 1727 1632 stadii.
1771 1602 1804 1630 In
1825 1601 1921 1630 tribus

387 1663 435 1692 ovi
456 1662 591 1701 partibus
613 1663 832 1692 meridionalem
854 1662 952 1690 sulcus
974 1661 1097 1700 praebet
1119 1661 1317 1695 directionem,
1342 1659 1371 1687 in
1395 1661 1501 1697 quarta
1523 1658 1680 1696 obliquam.

386 1717 480 1748 Ovum
500 1727 593 1748 ranae
615 1718 775 1748 esculentae
797 1728 833 1746 ex
856 1717 956 1745 eodem
979 1716 1219 1754 segmentationis
1241 1714 1348 1749 stadio,
1380 1714 1556 1751 regulariter
1587 1714 1614 1741 in
1650 1714 1809 1742 directione
1837 1713 1921 1741 meri-

388 1773 498 1801 dionali
519 1773 654 1802 divisum.
700 1771 793 1807 Quam
815 1772 938 1800 formam
962 1771 1057 1799 rarius
1080 1770 1235 1800 observavi
1257 1770 1456 1808 sequentibus.

388 1828 481 1858 Ovum
515 1837 607 1858 ranae
640 1828 801 1858 esculentae
828 1827 858 1855 in
889 1828 996 1865 quarto
1030 1826 1270 1863 segmentationis
1302 1825 1407 1860 stadim
1442 1826 1564 1852 formam
1594 1823 1716 1862 praebet
1747 1823 1920 1852 creberrime

390 1883 612 1913 observandam.

390 1937 483 1968 Ovum
504 1947 597 1968 ranae
617 1938 779 1967 esculentae
800 1937 830 1965 in
848 1935 934 1969 initio
958 1935 1057 1974 quarti
1079 1936 1317 1973 segmentationis
1340 1935 1438 1963 stadii.

390 1993 470 2022 Idem
489 2003 576 2023 ovum
598 1994 705 2031 quarta
724 1992 815 2021 horae
835 1993 920 2030 parte
941 1993 1018 2029 post.
1070 1991 1103 2019 In
1132 1991 1225 2020 altera
1249 1991 1296 2020 ovi
1320 1990 1441 2019 dimidia
1463 1992 1547 2027 parte
1569 1989 1640 2017 sulci
1664 1990 1783 2018 eandem
1813 1989 1921 2018 habent

392 2048 580 2077 directionem
604 2058 692 2086 quam
713 2048 744 2076 in
764 2046 814 2084 fig.
831 2047 879 2083 13,
903 2046 933 2074 in
956 2046 1048 2074 altem
1071 2046 1157 2084 plane
1182 2046 1336 2075 diversam.

391 2103 484 2134 Ovum
512 2113 604 2134 ranae
625 2104 820 2140 temporariae
849 2103 880 2131 in
912 2105 1018 2140 quarto
1046 2103 1286 2140 segmentationis
1319 2100 1424 2131 stadio.
1469 2098 1547 2128 Sulci
1574 2099 1723 2127 novissimi
1750 2099 1920 2137 parallelam

389 2159 498 2188 habent
520 2159 710 2188 directionem
731 2159 812 2187 sulco
835 2158 929 2196 primo
951 2157 1134 2186 meridionali
1156 2168 1207 2186 seu
1230 2157 1367 2191 secundo,
1391 2158 1420 2184 et
1440 2164 1546 2183 corona
1561 2154 1701 2192 plicarum
1726 2155 1821 2182 ornati
1844 2157 1920 2182 sunt.

391 2214 471 2244 Idem
491 2225 578 2245 ovum
599 2215 694 2244 tribus
718 2214 831 2253 quartis
853 2212 943 2242 horae
967 2213 1101 2251 partibus
1125 2215 1202 2251 post,
1226 2212 1256 2240 in
1282 2212 1385 2250 quinto
1407 2209 1645 2246 segmentatiouis
1668 2208 1772 2237 stadio.
1819 2208 1922 2236 Sulcus

391 2280 483 2300 novus
506 2280 612 2299 corona
633 2271 775 2308 plicarum
800 2270 928 2297 notatus.
