2135 2728
1043 143 1066 180 5

207 250 362 291 tationis
392 252 635 290 momentum
657 259 776 299 quum
799 244 912 286 certis
933 243 1145 285 rationibus
1166 242 1346 297 praesciri
1371 247 1488 296 atque
1510 242 1701 296 praefiniri
1724 247 1901 295 nequeat.

208 334 369 363 necesse
401 324 472 368 est,
504 332 553 359 ne
584 316 734 358 occasio
765 315 972 357 amittatur.
1006 314 1139 356 oculos
1161 329 1277 368 quarn
1308 315 1494 356 acerrime
1526 315 1564 355 in
1586 328 1746 356 ovorum
1767 328 1903 369 super-

211 393 333 434 ficiem
377 394 612 437 convertere,
662 402 737 441 quo
777 386 934 440 negotio
977 386 1076 427 oculi
1115 386 1226 427 valde
1263 386 1479 439 fatigantur.
1544 386 1649 437 Quae
1689 401 1811 440 quum
1852 387 1904 428 ita

208 466 285 508 sint
322 463 427 504 haud
468 462 548 504 scio
593 476 642 503 an
683 459 778 502 mihi
824 459 1041 512 contigerit.
1089 463 1132 499 ut
1171 472 1211 499 re
1254 472 1343 499 vera
1385 458 1527 512 primas
1569 458 1708 511 quibus
1752 458 1904 499 initium

210 534 528 590 segmentationis
549 533 740 575 indicatur
760 531 995 574 mutationes
1028 534 1204 572 accurate
1237 543 1526 582 cognoscerem.
1570 530 1744 570 Primum
1777 535 1905 571 autem

209 610 315 663 quod
355 606 606 649 animadverti
645 604 824 653 stadium
873 604 996 655 figura
1033 603 1051 643 1
1090 603 1376 644 adumbratum.
1411 602 1591 643 omnibus
1626 603 1670 644 iis
1701 603 1906 643 antecedit.

210 695 307 735 quae
343 684 431 721 ante
469 692 532 720 me
563 678 632 719 viri
673 676 775 718 docti
807 676 1121 717 observaverunt.
1184 675 1359 716 Tenuem
1408 674 1515 716 vides
1557 679 1595 714 et
1635 675 1905 716 brevissimum

209 753 360 796 sulcum
400 751 438 792 in
474 750 603 792 media
639 748 738 801 nigri
769 748 885 789 vitelli
928 748 1143 802 superficie.
1197 749 1244 789 ab
1283 747 1390 789 initio
1430 747 1647 789 tenerrimis
1685 752 1727 788 ut
1756 748 1908 788 videtur

209 825 325 867 radiis
357 829 547 865 ornatum.

331 896 467 937 Paullo
499 900 586 949 post
620 893 749 935 sulcus
781 906 905 946 usque
943 893 991 933 ad
1023 896 1271 946 aequatorem
1303 890 1360 932 ovi
1395 891 1647 945 prolongatur
1687 891 1755 931 sed
1798 891 1906 931 tardo

212 969 377 1010 incessu.
440 962 539 1007 (luni
570 966 809 1007 incremento
849 964 943 1006 sulci
986 978 1106 1017 rugae
1138 969 1176 1005 et
1211 964 1345 1019 plicae.
1396 963 1503 1004 initio
1544 963 1639 1004 radii
1670 963 1708 1003 in
1746 963 1906 1003 modum

213 1040 434 1095 dispositae.
461 1043 654 1092 augentur
675 1043 724 1085 et,
758 1037 864 1079 sulco
887 1038 936 1078 ad
958 1042 1207 1091 aequatorem
1233 1037 1293 1078 ovi
1314 1049 1439 1088 usque
1471 1040 1659 1089 promoto
1701 1048 1905 1076 ..coronam

211 1112 422 1167 plicarum*
468 1110 517 1150 ad
551 1123 743 1151 sumniam
783 1108 1061 1163 perfectionem
1104 1108 1514 1164 pulchritudinemque
1553 1108 1775 1162 pervenisse
1814 1120 1905 1148 con-

215 1187 442 1226 sentaneum
476 1186 545 1223 est.
579 1181 678 1223 sicut
709 1181 747 1221 in
779 1181 844 1233 fig.
869 1181 892 1221 :2
928 1180 1128 1221 delineavi.

331 1254 434 1294 Raro
467 1252 593 1294 evenit
634 1257 677 1293 ut
710 1252 862 1293 nullum
898 1252 1085 1306 plicarum
1122 1252 1330 1305 vestigium
1361 1252 1401 1293 in
1434 1252 1558 1306 primo
1592 1250 1909 1304 segmentationis

215 1325 338 1369 stadio
368 1325 499 1366 videre
524 1324 752 1379 potuissem.
797 1325 1006 1378 Nunquam
1039 1338 1130 1366 vero
1162 1333 1246 1367 <ante
1284 1326 1376 1366 salci
1398 1328 1518 1380 primi
1549 1328 1693 1365 initium
1724 1323 1841 1378 plicas
1873 1328 1910 1364 et

215 1399 401 1454 plicarum
431 1398 594 1450 vestigia-
627 1398 836 1439 observavi.
871 1412 968 1451 quae
1005 1398 1292 1439 Reiekertus
1324 1396 1539 1450 descripsit.
1573 1396 1713 1450 quibus
1752 1396 1910 1449 quidem

215 1469 566 1523 segmentationem
600 1469 818 1524 praeparari
848 1473 969 1524 putat.

332 1543 569 1595 Plerumque
600 1543 722 1598 plicae
755 1543 908 1595 angulis
938 1542 1053 1584 rectis
1082 1547 1249 1595 vergunt
1278 1543 1327 1582 ad
1360 1541 1523 1583 sulcum.
1558 1540 1792 1595 paribusque
1831 1540 1910 1581 fere

215 1615 422 1657 intervallis
454 1615 554 1657 inter
585 1629 626 1657 se
650 1616 811 1659 distant:
844 1616 987 1671 passim
1018 1616 1070 1656 ita
1101 1619 1360 1668 congregatae
1393 1619 1494 1663 sunt,
1532 1618 1575 1654 ut
1607 1614 1706 1654 duae
1734 1612 1793 1654 vel
1831 1617 1911 1654 tres

215 1702 340 1729 unum
371 1687 409 1728 in
440 1692 629 1742 punctum
658 1687 902 1728 inclinentur.
964 1688 1160 1729 Numerus
1191 1700 1324 1727 earum
1361 1684 1465 1726 haud
1508 1699 1647 1739 parvus
1684 1699 1768 1726 esse
1800 1684 1909 1733 solet.

215 1760 254 1801 in
284 1765 448 1813 utraque
481 1760 584 1801 enim
616 1759 711 1801 sulci
749 1763 858 1814 parte
899 1773 1116 1812 sexagenae
1147 1759 1206 1801 vel
1248 1762 1433 1800 centenae
1471 1762 1664 1811 apparent.
1726 1756 1908 1797 incisuris

217 1831 302 1886 plus
347 1832 522 1874 minusve
564 1831 765 1887 profundis
802 1831 902 1873 inter
942 1846 983 1873 se
1023 1831 1235 1872 disiunctae
1276 1828 1439 1884 pectinis
1482 1829 1520 1869 in
1562 1829 1723 1869 modum
1758 1827 1909 1869 sulcum

217 1917 350 1945 versus
383 1904 614 1958 prominent.
694 1904 983 1958 Saepenumero
1016 1905 1221 1945 ohservare
1259 1906 1369 1956 potes
1400 1901 1514 1942 latam
1549 1901 1742 1955 quandam
1770 1899 1909 1954 plicam

218 1975 394 2017 incisuris
425 1975 639 2017 minoribus
678 1975 784 2028 quasi
820 1976 1058 2018 secundariis
1091 1976 1310 2019 dissectam.
1353 1974 1414 2016 vel
1453 1974 1684 2028 profundam
1716 1974 1910 2026 quandam

218 2048 426 2090 incisuram
456 2047 696 2089 extrinsecus
728 2048 835 2101 quasi
869 2048 1118 2090 irradiantem
1154 2049 1193 2090 in
1222 2048 1353 2104 plures
1384 2046 1552 2088 minores
1582 2046 1780 2087 incisuras.
1813 2058 1910 2098 quae

220 2118 371 2172 angulis
403 2118 523 2160 acutis
556 2133 644 2160 cum
675 2119 739 2160 illa
770 2118 978 2162 cohaerent
1011 2118 1073 2173 (cf.
1107 2122 1172 2174 fig.
1212 2119 1268 2174 3)

339 2191 423 2241 Quo
454 2190 681 2244 profundior
712 2192 755 2232 fit
789 2197 903 2245 atque
930 2192 1041 2233 latior
1070 2193 1217 2247 primus
1239 2192 1353 2233 vitelli
1383 2191 1524 2233 sulcus.
1555 2204 1600 2231 eo
1633 2189 1757 2241 magis
1787 2188 1909 2242 plicae

221 2261 389 2303 minores
422 2261 520 2303 inter
554 2276 596 2304 se
631 2264 838 2305 confluunt.
872 2265 955 2315 Qua
986 2278 1028 2305 re
1058 2279 1243 2307 numerus
1277 2278 1409 2306 earum
1439 2263 1634 2304 minuitur.
1676 2262 1767 2302 Mox
1790 2274 1910 2313 quum

221 2333 334 2374 ambo
365 2332 482 2374 vitelli
512 2333 718 2386 semiglobi
743 2335 941 2388 paullatim
974 2335 1342 2391 appropinquantur,
1375 2334 1428 2375 ita
1447 2337 1490 2374 ut
1518 2333 1647 2375 sulcus
1668 2331 1908 2373 interiacens,

221 2404 327 2446 initio
364 2405 440 2446 lato
478 2404 677 2447 intervallo
710 2405 929 2449 dehiscens.
964 2408 1089 2461 magis
1120 2406 1322 2459 magisque
1353 2418 1581 2447 evanescere
1612 2403 1804 2444 videatur.
1841 2400 1912 2455 pli-
