2135 2728
1039 132 1083 170 10

236 247 284 274 ex
322 232 449 274 ovario
487 231 570 273 felis
603 231 698 286 pulli
730 236 856 273 sumta
885 231 980 273 vidit
1009 234 1260 274 Amoebarum
1293 237 1331 273 et
1363 235 1660 289 Greqariworum
1697 236 1737 277 in
1768 239 1928 280 modum

235 304 419 359 repentia.
452 317 573 357 quum
602 303 714 357 plane
748 303 917 345 recentia
949 308 988 345 et
1017 304 1170 357 integra
1200 318 1245 345 ea
1276 305 1315 346 in
1348 304 1520 348 humoris
1559 307 1671 359 aquei
1703 308 1822 350 fluido
1855 311 1927 350 ob-

238 379 417 418 servaret.

356 448 461 499 Quae
495 461 615 500 quum
646 447 698 488 ita
727 448 803 490 sint
833 452 870 489 et
909 462 1030 501 quum
1062 447 1238 488 dubitare
1272 461 1351 489 11011
1388 449 1592 502 possimus,
1638 451 1731 504 quin
1768 465 1929 493 ovorum

232 519 349 561 vitelli
381 519 597 562 substantia
628 519 667 560 in
696 520 925 562 animalibus
956 520 1183 561 vertebratis
1214 518 1309 560 nihil
1344 520 1449 561 aliud
1487 522 1535 563 sit
1566 523 1638 564 nisi
1672 523 1844 571 cellulae.
1879 539 1927 566 ex

232 605 308 645 qua
338 606 454 634 ovum
480 591 660 640 exoritur,
692 590 1014 647 protoplasma¹¹).
1048 591 1237 633 sententia
1269 592 1469 645 probanda
1498 593 1661 640 videtur.
1696 595 1794 636 sicut
1819 598 1926 638 cellu-

232 665 354 705 larmn
386 665 599 706 divisionem
634 679 654 704 e
688 664 976 705 contractilitate
1007 663 1316 718 protoplasmatis
1347 663 1676 718 interpretandam
1697 667 1926 720 putavimus,

230 736 282 777 ita
313 752 460 777 osmi-mn
492 740 811 791 sequte„tatimiem
840 751 862 777 a
891 735 1180 777 contractilitate
1202 736 1319 777 vitelli
1353 737 1588 791 dependere.
1631 739 1765 791 Itaque
1797 740 1926 781 sulcus

232 807 401 848 exoritur
442 809 553 849 vitelli
589 809 903 849 communionibus.
975 807 1079 858 Quae
1119 807 1398 849 contractiones
1437 807 1544 849 initio
1582 811 1798 863 superficiei
1840 812 1925 853 loco

234 878 524 933 circumscripto
558 883 720 927 exstant.
765 893 842 932 quo
873 879 968 920 sulci
1001 879 1205 920 exordium
1238 879 1277 920 in
1309 880 1374 932 fig.
1402 881 1420 920 1
1466 880 1703 922 delineatum
1735 883 1924 925 videmus.

237 950 386 1002 Quibus
418 951 743 992 contractionibus
779 951 1008 993 continuatis
1040 950 1237 1005 paullatim
1269 955 1348 992 tota
1368 951 1486 993 vitelli
1520 953 1734 994 substantia
1768 954 1806 994 in
1829 956 1925 998 duas

232 1023 415 1065 dividitur
450 1027 589 1077 partes.
638 1023 766 1073 Quum
803 1037 893 1063 vero
929 1022 1045 1064 vitelli
1076 1023 1289 1064 substantia
1324 1023 1497 1078 inprimis
1537 1025 1723 1067 corticalis
1756 1026 1924 1078 glutino-

229 1110 312 1137 sam
356 1096 550 1148 quandam
600 1099 637 1135 et
676 1094 865 1136 viscosam
907 1096 1089 1149 praebeat
1133 1096 1438 1137 consistentiam.
1495 1112 1573 1138 non
1616 1098 1757 1139 mirum
1803 1099 1925 1140 videri

230 1172 370 1223 potest.
405 1168 545 1207 eodem
574 1171 748 1220 tempore
780 1181 856 1220 quo
891 1167 1020 1209 01110110
1043 1167 1331 1209 contractilitate
1353 1168 1470 1209 vitelli
1497 1169 1695 1222 paullatim
1717 1170 1920 1213 exoriatur.

232 1240 419 1282 incisuras
451 1253 634 1294 apparere
666 1239 846 1289 minores.
876 1239 994 1293 plicas
1033 1254 1103 1282 seu
1133 1254 1249 1293 rugas
1283 1240 1390 1282 sulco
1411 1241 1552 1282 vicinas
1578 1245 1616 1282 et
1643 1246 1748 1283 recto
1777 1242 1921 1294 angulo

229 1313 270 1354 in
300 1313 452 1355 sulcum
483 1316 702 1364 vergentes.
765 1312 898 1355 Variae
941 1312 1001 1353 ovi
1032 1311 1247 1366 superficiei
1292 1312 1610 1353 commutationes
1639 1327 1659 1353 0
1691 1313 1920 1355 contractili-

229 1388 306 1425 tate
340 1383 469 1427 vitelli.
504 1398 579 1436 qua
609 1384 739 1425 sulcus
780 1383 960 1433 exoritur.
1002 1384 1041 1424 in
1071 1384 1199 1425 lucem
1235 1384 1417 1438 praeferri
1451 1390 1632 1438 possunt:
1675 1385 1767 1438 quin
1807 1387 1921 1429 etiam

230 1470 318 1497 eae.
368 1470 462 1509 quas
504 1470 645 1497 corona
684 1456 871 1510 plicarum
913 1456 1069 1497 nomine
1118 1456 1466 1498 demonstravimus
1479 1457 1493 1497 ’ἰ
1534 1457 1695 1507 'Quum
1737 1472 1826 1500 vero
1874 1460 1922 1501 sit

231 1528 502 1570 consistentiae
542 1529 751 1570 discrimen
786 1529 825 1570 in
859 1528 998 1570 cortice
1028 1528 1147 1570 vitelli
1178 1532 1216 1569 et
1248 1529 1286 1569 in
1318 1529 1500 1577 medulla,
1544 1530 1653 1571 facile
1683 1531 1765 1572 fieri
1795 1536 1923 1586 potest

227 1605 270 1642 ut
302 1600 418 1641 etiam
449 1601 752 1643 contractilitatis
783 1615 861 1642 11011
893 1616 971 1642 una
1002 1601 1217 1654 eademque
1250 1600 1306 1642 vis
1347 1600 1458 1642 insita
1498 1601 1546 1643 sit
1581 1603 1771 1644 ainbobus
1804 1603 1921 1645 vitelli

226 1674 411 1728 partibus.
477 1674 590 1724 Quod
624 1673 843 1721 discrimen,
877 1673 907 1715 si
941 1676 1075 1720 exstat.
1109 1673 1157 1712 ad
1191 1671 1412 1713 efficiendas
1444 1671 1561 1725 plicas
1593 1672 1774 1715 adiuvare
1806 1689 1920 1717 nemo

227 1759 372 1797 negare
404 1745 440 1786 in
476 1745 604 1786 animo
636 1745 806 1787 habebit.

345 1811 647 1859 Reichertns
686 1819 734 1858 de
763 1818 950 1872 plicarum
985 1816 1132 1869 origine
1163 1815 1276 1855 aliam
1314 1815 1516 1869 proposuit
1546 1816 1787 1859 sententiam.
1828 1819 1919 1873 Opi-

228 1892 339 1930 natus
382 1893 440 1930 est
479 1888 597 1930 vitelli
640 1889 895 1931 substantiam
936 1894 974 1930 et
1018 1888 1078 1929 ovi
1121 1892 1159 1928 et
1197 1887 1363 1942 partium
1404 1889 1711 1941 segmentatione
1759 1905 1919 1932 ovorum

228 1959 436 2002 divisarum
467 1961 694 2002 membrana
725 1961 854 2003 vestiri
884 1977 906 2002 a
938 1962 1066 2003 vitello
1101 1962 1251 2003 diversa
1282 1966 1319 2002 et
1350 1962 1564 2016 separabili.
1628 1963 1756 2004 Plicae
1791 1963 1826 2005 ei
1857 1977 1917 2004 ar-

227 2036 414 2084 gumento
458 2037 548 2075 sunt
585 2032 685 2074 hanc
725 2035 991 2075 membranam
1028 2034 1177 2075 adesse.
1224 2034 1317 2074 item
1358 2035 1625 2075 membranam
1670 2035 1788 2089 plicas
1829 2049 1918 2090 pro-

227 2116 355 2144 creare
387 2103 549 2145 mirabili
590 2105 836 2147 conclusione
875 2106 1049 2147 affirmat.
1111 2106 1172 2146 De
1202 2106 1389 2160 plicarum
1437 2106 1585 2159 origine
1626 2109 1918 2150 leodebertus

226 2172 322 2216 haec
354 2176 445 2217 dicit
458 2174 515 2230 ¹²):
562 2179 655 2219 ..das
692 2177 912 2220 Entstehen
943 2179 1011 2219 des
1051 2178 1350 2220 Faltenkranzes
1382 2179 1429 2220 ist
1460 2192 1532 2219 nur
1567 2179 1740 2220 dadurcli
1774 2195 1822 2220 zu
1855 2193 1916 2220 er-

329 2362 377 2395 11)
400 2361 442 2388 Cf.
467 2362 639 2398 Geqcnbaur
662 2361 771 2390 Archiv
793 2362 840 2389 fiir
864 2362 1026 2396 Anatomie‚
1046 2361 1230 2398 Physiologie
1254 2365 1308 2391 etc.
1340 2364 1427 2397 1861,
1451 2373 1479 2400 p.
1496 2364 1564 2391 526.

330 2410 378 2444 12)
401 2410 511 2439 Archiv
536 2412 582 2439 fin·
605 2412 768 2446 Anatomie,
791 2411 977 2450 Physiologie
1000 2415 1053 2440 ete.
1082 2414 1170 2447 1861,
1192 2423 1220 2450 p.
1238 2414 1304 2440 134.
1350 2413 1460 2441 Eodem
1483 2413 1546 2440 loco
1573 2415 1662 2448 1863,
1685 2424 1713 2451 p.
1735 2415 1800 2442 136.
