2135 2728
1036 109 1057 147 7

200 215 460 270 perturbatur,
495 227 541 254 eo
559 213 663 266 quod
695 216 877 265 quattuor
898 209 1018 252 vitelli
1050 209 1150 262 nigri
1181 215 1309 264 partes
1347 224 1390 251 se
1422 211 1585 252 invicem
1618 212 1702 254 loco
1734 218 1900 255 movent.

203 287 328 339 Quam
365 287 532 339 figuram
570 285 697 326 minus
738 283 960 336 regularem
995 282 1269 324 creberrimam
1301 283 1365 335 fig.
1390 284 1415 324 9
1456 283 1662 326 delineavi.
1723 285 1902 327 Eandem

202 359 380 400 viderunt
411 360 621 399 Prevost
655 360 693 396 et
732 354 969 409 Damas-⁵).
1004 355 1170 396 eandem
1203 355 1622 411 ΒαιιηιςμῖνΐιιειᾸ).

320 443 506 493 Quartum
544 440 863 493 segmentationis
891 439 1010 481 vitelli
1041 439 1210 481 stadium
1233 441 1386 481 duobus
1411 441 1519 482 novis
1541 440 1657 483 sulcis
1689 441 1899 484 directione

201 514 442 557 meridionali
464 513 725 555 incidentibus
747 513 786 554 in
807 513 1037 567 adspectum
1071 511 1226 566 prodire
1248 527 1270 553 a
1290 512 1379 554 viris
1413 513 1535 554 doctis
1568 513 1739 556 traditur.
1799 515 1899 556 Fieri

200 591 340 642 potest.
376 591 419 628 ut
442 586 559 629 huius
591 587 703 629 stadii
734 586 829 628 sulci
865 585 1138 627 meridionales
1170 585 1326 639 paribus
1357 585 1564 626 intervallis
1597 586 1782 641 dispositi.
1818 602 1900 628 ma-

199 659 301 700 xima
334 674 423 701 cum
466 659 713 711 regularitate
756 658 795 699 in
837 657 1036 712 superiore
1083 657 1143 698 ovi
1181 657 1384 712 superficie
1424 658 1476 698 ita
1514 664 1734 712 appareant.
1778 664 1821 700 ut
1862 660 1900 700 in

200 733 265 784 fig.
286 732 334 773 11
366 732 564 787 depictum
594 737 664 774 est.
698 745 814 786 quam
833 731 991 784 quidem
1008 731 1174 784 figuram
1197 732 1237 772 O.
1262 731 1306 770 E.
1326 731 1398 771 Ba
1414 733 1572 776 erius,
1608 735 1654 771 A.
1682 732 1898 779 Ja‘ekeras,

200 804 260 845 alii
294 804 602 846 delineaverunt:
642 804 764 845 multo
795 809 925 845 tamen
964 803 1179 845 crebriores
1213 802 1411 844 observavi
1451 804 1589 845 formas
1620 802 1748 843 minus
1781 817 1897 857 regu-

200 876 310 925 lares,
346 876 451 918 haud
483 891 567 919 raro
600 877 712 932 plane
738 877 921 918 diversas.
958 876 1129 927 Quarum
1160 875 1319 929 quidem
1346 875 1534 930 exempla,
1567 875 1692 929 qualia
1724 875 1897 917 animad—

201 949 306 989 verti.
337 950 402 1001 fig.
429 949 494 990 10.
531 949 595 989 12.
640 949 704 990 14.
741 948 792 989 15
826 949 1022 1003 proposui.
1087 948 1236 1000 Quibus
1277 951 1407 988 autem
1441 948 1565 989 causis
1606 963 1650 989 ac
1689 949 1898 991 rationibus

201 1023 344 1063 factum
379 1021 438 1071 sit.
480 1025 522 1062 ut
555 1022 672 1063 modo
705 1020 802 1062 haec
839 1022 957 1062 modo
995 1021 1059 1062 illa
1094 1025 1296 1076 appareret
1336 1022 1470 1070 ferma,
1514 1020 1609 1062 mihi
1655 1021 1693 1062 in
1732 1023 1897 1063 obscuro

202 1099 271 1136 est.
307 1094 429 1148 Saepe
451 1093 550 1135 inter
572 1094 699 1135 omnia
722 1108 769 1135 ex
791 1108 869 1135 uno
892 1093 1075 1135 oviductu
1098 1094 1300 1148 depromta
1322 1107 1392 1134 ova
1412 1093 1452 1134 in
1474 1092 1548 1134 hoc
1579 1095 1895 1146 segmentatiOnis

201 1165 324 1207 stadio
355 1166 505 1207 nullum
535 1167 660 1221 reperi
693 1180 821 1208 ovum.
862 1167 967 1220 quod
1006 1167 1170 1207 formam
1203 1164 1365 1206 haberet
1396 1165 1446 1206 ita
1486 1166 1718 1218 regularem.
1753 1168 1817 1220 fig.
1844 1168 1893 1208 11

202 1239 405 1294 depictam.
469 1238 597 1289 Quum
630 1253 721 1282 vero
760 1254 807 1280 ex
850 1239 929 1281 ovis
970 1239 1234 1292 irregulariter
1275 1239 1528 1292 segmentatis
1564 1244 1783 1293 procreatos
1827 1241 1896 1281 ob-

201 1311 344 1353 servavi
380 1311 506 1366 pullos
538 1311 711 1364 integros
744 1316 782 1353 et
812 1326 937 1353 sanos.
980 1311 1332 1365 segmentationem
1362 1311 1490 1354 minus
1531 1313 1751 1364 regularem
1789 1313 1896 1367 quasi

200 1382 486 1439 pathologicam
517 1388 555 1426 et
591 1385 728 1425 morbo
764 1385 934 1437 quodam
968 1390 1141 1426 exortam
1173 1383 1318 1426 habere
1351 1400 1429 1427 non
1460 1400 1630 1440 possum.

318 1469 474 1510 Initium
510 1469 633 1523 quarti
676 1469 994 1522 segmentationis
1035 1471 1148 1513 stadii
1191 1473 1330 1512 eadem
1372 1473 1414 1513 fit
1445 1472 1503 1513 ria
1547 1487 1589 1513 ac
1632 1471 1778 1513 ratione
1822 1486 1896 1525 qua

199 1541 367 1597 primum
399 1547 437 1583 et
467 1544 696 1584 secundum.
761 1544 807 1583 In
845 1542 961 1584 vitelli
1004 1544 1253 1596 globulorum
1286 1545 1415 1586 media
1454 1549 1561 1599 parte
1594 1544 1791 1599 superiore
1824 1544 1895 1585 im-

199 1614 345 1669 pressio
379 1615 548 1656 exoritur
579 1615 705 1656 brevis
736 1615 776 1656 in
809 1616 980 1670 speciem
1011 1616 1147 1657 lineae.
1194 1617 1296 1658 Hinc
1328 1631 1482 1671 quoque
1514 1622 1746 1672 p1·‹s›currunt
1775 1617 1896 1671 plicae

198 1693 380 1742 tanquam
412 1687 509 1728 radii
541 1685 602 1740 (cs.
626 1688 690 1740 fig.
718 1688 787 1729 10.
815 1686 897 1742 13).
935 1688 1073 1731 Sulcus
1104 1689 1325 1731 tardissime
1359 1690 1506 1731 crescit.
1541 1691 1666 1731 donec
1701 1694 1896 1731 extremae

199 1760 279 1801 eius
309 1764 438 1814 partes
471 1759 665 1813 attingrmt
704 1760 859 1802 sulcum
890 1761 1191 1814 aequatorialem
1225 1766 1263 1802 et
1303 1762 1430 1804 sulcos
1473 1761 1745 1803 meridionales
1788 1761 1894 1802 adia-

200 1836 340 1874 centes.
374 1832 527 1875 Sensim
557 1847 599 1873 ac
628 1833 872 1887 pedetentim
903 1834 1107 1874 exordium
1139 1834 1235 1876 sulci
1257 1834 1442 1876 clarescit.
1475 1834 1667 1887 gradatim
1698 1834 1735 1875 in
1766 1834 1895 1874 lucem

198 1903 325 1957 prodit
362 1918 450 1946 cum
481 1905 663 1946 tenuibus
699 1905 778 1947 suis
811 1905 932 1958 rugis.
967 1910 1005 1947 et
1036 1920 1105 1961 per
1142 1906 1273 1961 phues
1318 1907 1580 1959 sexagesimas
1619 1905 1736 1947 horae
1769 1905 1894 1946 incre-

198 1981 372 2017 mentum
406 1977 516 2032 capit.
556 1977 713 2019 Aestate
744 1977 841 2019 mihi
874 1979 1093 2020 observanti
1125 1994 1195 2021 ova
1225 1993 1339 2020 ranae
1373 1979 1605 2021 esculentae.
1638 1978 1894 2031 segmentatio

199 2062 360 2090 ovorum
392 2062 507 2102 quam
539 2049 739 2091 celerrime
771 2050 911 2093 evenit.
946 2051 997 2092 ita
1029 2055 1071 2092 ut
1103 2052 1201 2093 inter
1233 2052 1386 2104 singula
1416 2051 1734 2103 segmentationis
1772 2050 1894 2093 stadia

198 2120 258 2161 vix
289 2119 483 2162 semihora
515 2120 733 2164 interesset.
776 2123 959 2164 Attamen
997 2124 1124 2165 sulcos
1163 2124 1201 2165 in
1232 2124 1430 2178 superiore
1464 2123 1523 2164 ovi
1553 2122 1756 2177 superficie
1790 2137 1889 2163 nun-

301 2336 330 2371 5)
354 2335 372 2364 l.
398 2346 420 2364 c.
447 2336 568 2371 tab.V1‚
592 2337 640 2374 fig.
653 2333 702 2366 G''.

297 2384 327 2421 6)
351 2386 600 2423 Beobachtungen
621 2387 693 2416 iiber
716 2388 762 2416 die
787 2388 900 2417 Nerven
921 2389 980 2417 und
1003 2389 1054 2416 das
1079 2388 1156 2415 mut.
1180 2386 1324 2423 Freiburg
1339 2387 1427 2414 1830.
1474 2386 1592 2420 '1¹ab.V‚
1616 2386 1662 2423 fig.
1680 2387 1724 2414 13.
