2135 2728
1031 166 1076 204 12

206 269 238 310 si
267 269 515 310 membranae
546 266 790 308 existentiam
821 268 985 321 probare
1019 267 1123 309 velis.
1186 268 1326 309 Multas
1366 269 1415 308 de
1454 266 1527 309 hac
1567 282 1607 309 re
1645 269 1791 311 institui
1823 271 1900 313 dis-

208 340 453 394 quisitiones:
489 339 659 393 primum
695 338 735 379 in
776 338 856 381 ovis
900 340 1122 382 recentibus
1168 341 1408 382 foecundatis
1455 345 1493 382 et
1530 354 1608 382 non
1646 342 1899 393 foecundatis,

208 411 323 453 etiam
357 411 396 451 in
429 411 508 453 ovis
539 410 664 464 primo
702 409 810 452 sulco
854 411 1008 453 ornatis.
1070 412 1255 454 Eundem
1299 411 1520 454 habuerunt
1561 418 1743 454 eventum
1785 428 1902 467 quern

207 482 470 536 experimenta
498 485 788 523 antecessorum
820 495 1008 522 meorum.
1054 483 1100 523 In
1131 482 1210 524 ovis
1248 483 1468 525 recentibus
1498 498 1696 538 nunquam
1728 485 1900 538 contigit.

206 558 249 594 ut
278 553 488 606 vestigium
522 553 772 594 membranae
805 552 1007 594 cuiusdam
1037 554 1213 608 plicatilis
1246 559 1457 609 appareret.

324 625 478 666 Deinde
509 639 580 666 ova
601 639 621 666 e
643 625 754 666 variis
791 625 1109 677 segmentationis
1140 625 1273 667 stadiis
1304 625 1343 666 in
1372 626 1627 668 solutionibus
1651 627 1725 667 kali
1747 627 1901 670 bichro-

206 698 295 739 mici
336 712 405 740 seu
451 698 550 739 acidi
594 697 730 739 oxalici
770 697 823 738 ita
865 698 1098 752 praeparavi,
1148 702 1191 738 ut
1229 702 1387 739 externa
1432 698 1492 739 ovi
1531 699 1747 740 velamenta
1793 701 1901 742 facile

207 771 403 812 demoveri
425 775 595 824 possent.
642 770 722 811 Ova
755 770 868 824 plane
902 771 1007 811 nuda
1039 770 1292 825 microscopio
1332 770 1495 824 simplici
1528 772 1724 826 supposita
1754 775 1900 815 acubus

207 842 405 892 disseoavi,
446 856 562 895 quem
595 843 645 882 ad
678 842 796 883 finem
827 841 1002 896 inprimis
1034 856 1104 884 ova
1133 843 1175 883 in
1206 847 1453 884 concentrata
1483 843 1581 883 acidi
1621 844 1755 885 oxalici
1796 846 1900 887 solu-

205 915 309 956 tione
343 920 565 956 conservata
594 913 832 968 aptissimam
863 915 1051 968 praebent
1085 913 1385 955 consistentiam.
1424 915 1632 968 Nimquam
1664 929 1753 957 vero
1785 917 1900 958 vesti-

207 986 315 1038 gium
356 987 603 1027 membranae
647 985 817 1027 invenire
859 986 979 1039 potui.
1031 1000 1129 1039 quae
1170 986 1278 1040 plicis
1320 1000 1389 1027 seu
1427 986 1667 1039 marginibus
1711 987 1899 1030 distinctis

207 1058 414 1112 conspicua
445 1072 529 1099 esse
562 1058 734 1098 deberet.
768 1059 949 1100 Fortasse
983 1072 1179 1112 opponere
1202 1058 1295 1100 velis
1327 1059 1534 1111 reageutiis
1565 1058 1748 1101 adhibitis
1776 1074 1899 1100 mem-

205 1130 365 1171 branam
405 1130 632 1172 dissolutam
667 1144 765 1171 esse.
829 1130 926 1171 Mira
957 1134 1060 1171 esset
1092 1131 1329 1179 membrana.
1370 1144 1468 1184 quae
1506 1131 1725 1183 reageutiis.
1762 1132 1901 1184 quibus

205 1201 435 1242 tenerrimae
467 1201 689 1242 animalium
722 1205 851 1256 partes
884 1201 1139 1245 elementares
1172 1216 1398 1244 conservare
1437 1208 1474 1244 et
1511 1205 1559 1244 ad
1593 1203 1902 1246 observationem

206 1288 433 1329 praeparare
465 1287 685 1329 possumus.
728 1274 912 1315 deleatur.
977 1274 1259 1327 Fragilissimas
1299 1275 1401 1316 enim
1442 1279 1480 1316 et
1519 1275 1686 1317 maxime
1737 1277 1901 1318 caducas

208 1351 335 1401 partes
367 1347 466 1388 sicut
495 1346 784 1388 terminationes
820 1360 1026 1388 nervorum
1058 1346 1099 1386 in
1129 1346 1262 1395 retina.
1294 1346 1334 1387 in
1363 1347 1499 1389 ceteris
1525 1348 1680 1400 organis
1702 1363 1899 1397 sensuum.

204 1418 244 1459 in
271 1419 430 1459 cerebro
463 1423 535 1460 etc.
567 1423 767 1473 praeterea
800 1419 956 1461 cellulas
989 1420 1067 1459 fere
1102 1418 1275 1459 omniun]
1308 1432 1543 1471 organorum
1573 1421 1714 1461 mirum
1749 1421 1787 1462 in
1818 1435 1901 1462 mo-

210 1492 304 1532 dum
335 1505 562 1533 conservare
603 1491 708 1545 potui
749 1506 823 1546 ope
856 1491 931 1533 kali
964 1490 1191 1532 bichromici
1217 1496 1254 1531 et
1284 1491 1384 1532 acidi
1415 1491 1561 1541 oxafici,
1594 1492 1692 1534 sicut
1722 1493 1798 1534 iam
1828 1494 1902 1535 alio

205 1562 289 1603 loco
323 1562 509 1617 descripsi
521 1559 573 1616 ยนโดยน).
635 1562 765 1604 Etiam
796 1565 1100 1619 Pflueyerus
1130 1563 1285 1604 acidum
1317 1563 1509 1604 oxalicum
1547 1563 1725 1606 adhibuit
1756 1565 1901 1621 optimo

205 1649 294 1675 cum
325 1639 465 1676 eventu
494 1634 534 1675 in
563 1635 854 1689 perscrutandis
886 1634 1044 1676 ovariis.
1091 1638 1129 1675 et
1161 1635 1267 1687 quod
1304 1634 1344 1674 in
1387 1635 1623 1688 quaestione,
1669 1650 1784 1689 quam
1824 1641 1900 1678 tra-

205 1712 364 1755 ctamus,
398 1712 613 1748 memoratu
643 1707 810 1749 maxime
849 1707 1000 1749 videtur
1034 1706 1208 1758 dignum.
1252 1706 1479 1748 tenerrimas
1520 1707 1745 1749 cellularum
1777 1723 1899 1750 mem-

204 1779 342 1820 branas
381 1777 496 1820 huius
539 1779 639 1820 acidi
680 1794 753 1833 ope
800 1781 1086 1821 demonstrasse
1129 1780 1291 1820 affirmat
1305 1775 1359 1832 13).
1426 1780 1530 1831 Quae
1570 1795 1689 1834 quum
1728 1781 1780 1822 ita
1825 1782 1901 1823 sint

203 1852 481 1893 membranam.
521 1852 552 1893 si
584 1852 684 1894 adsit
720 1852 761 1892 in
794 1865 954 1893 ovorum
992 1866 1104 1894 ranae
1136 1853 1361 1905 segmentis.
1398 1853 1495 1894 acidi
1528 1853 1661 1894 oxalici
1695 1853 1895 1895 influentia

206 1922 326 1964 deleri
357 1923 556 1977 probabile
588 1937 665 1964 non
699 1923 862 1964 videtur.

320 1995 465 2035 Verum
504 1997 784 2037 Remakius
822 1994 953 2036 docuit
990 1995 1028 2035 in
1071 1996 1150 2038 ovis
1196 2012 1373 2039 ranarum
1418 2013 1629 2052 eorumque
1671 1999 1895 2052 segmentis,

205 2064 378 2107 adhibito
415 2066 598 2121 peculiari
630 2068 800 2119 quodam
838 2066 985 2120 liquore
1018 2069 1230 2123 composito
1263 2085 1283 2111 e
1312 2071 1420 2125 cupri
1451 2069 1662 2125 sulphur-ici
1694 2071 1897 2120 solutione,

204 2136 315 2178 acido
347 2138 592 2191 pyrolignoso
625 2144 663 2179 et
694 2137 885 2187 alcohole.
917 2140 1181 2180 membranam
1208 2141 1402 2194 propriam
1438 2143 1692 2183 demonstrari
1719 2157 1834 2197 posse
1848 2141 1897 2196 16).

308 2345 358 2381 14)
380 2346 642 2383 Untersuchungen
665 2346 737 2375 iiber
759 2347 815 2375 den
837 2347 899 2375 Bau
923 2348 975 2376 der
997 2347 1286 2376 Nasenschleimhaut
1309 2352 1362 2377 etc.
1388 2349 1470 2378 Halle
1499 2351 1587 2384 1862.
1608 2362 1637 2388 p.
1651 2353 1698 2379 89.

307 2395 356 2431 15)
377 2396 473 2425 Ueber
491 2397 538 2425 die
560 2397 731 2426 Eierstocke
751 2397 803 2425 der
826 2397 1017 2434 Saugethiere
1039 2398 1099 2426 und
1122 2398 1172 2426 des
1193 2398 1350 2427 Menschen
1373 2401 1461 2435 1863,
1485 2411 1512 2438 p.
1528 2402 1575 2429 53.

307 2446 356 2482 16)
375 2447 638 2484 Untersuchungen
659 2448 732 2476 tiber
753 2448 799 2475 die
820 2448 1043 2485 Entwickeluug
1064 2448 1092 2476 d.
1115 2448 1322 2478 Wirbelthiere
1344 2460 1372 2487 p.
1389 2452 1455 2478 130.
