<?xml version="1.0" encoding="UTF-8"?>
<!DOCTYPE html PUBLIC "-//W3C//DTD XHTML 1.0 Transitional//EN"
    "http://www.w3.org/TR/xhtml1/DTD/xhtml1-transitional.dtd">
<html xmlns="http://www.w3.org/1999/xhtml" xml:lang="en" lang="en">
 <head>
  <title>
</title>
<meta http-equiv="Content-Type" content="text/html;charset=utf-8" />
  <meta name='ocr-system' content='tesseract 3.04.00' />
  <meta name='ocr-capabilities' content='ocr_page ocr_carea ocr_par ocr_line ocrx_word'/>
</head>
<body>
  <div class='ocr_page' id='page_1' title='image "./observationesnon00schu_0008.png"; bbox 0 0 2135 2728; ppageno 0'>
   <div class='ocr_carea' id='block_1_1' title="bbox 1059 140 1085 178">
    <p class='ocr_par' dir='ltr' id='par_1_1' title="bbox 1059 140 1085 178">
     <span class='ocr_line' id='line_1_1' title="bbox 1059 140 1085 178; baseline 0 0"><span class='ocrx_word' id='word_1_1' title='bbox 1059 140 1085 178; x_wconf 92' lang='lat'>4</span> 
     </span>
    </p>
   </div>
   <div class='ocr_carea' id='block_1_2' title="bbox 226 242 1925 2466">
    <p class='ocr_par' dir='ltr' id='par_1_2' title="bbox 230 242 1925 368">
     <span class='ocr_line' id='line_1_2' title="bbox 231 242 1925 297; baseline 0.002 -14"><span class='ocrx_word' id='word_1_2' title='bbox 231 244 425 296; x_wconf 88' lang='lat' dir='ltr'>quandam</span> <span class='ocrx_word' id='word_1_3' title='bbox 455 246 606 296; x_wconf 87' lang='lat' dir='ltr'>partem</span> <span class='ocrx_word' id='word_1_4' title='bbox 635 242 823 297; x_wconf 87' lang='lat' dir='ltr'>plicarum</span> <span class='ocrx_word' id='word_1_5' title='bbox 854 243 916 284; x_wconf 90' lang='lat' dir='ltr'>vel</span> <span class='ocrx_word' id='word_1_6' title='bbox 949 256 1135 296; x_wconf 88' lang='lat' dir='ltr'>rugarum</span> <span class='ocrx_word' id='word_1_7' title='bbox 1168 247 1216 284; x_wconf 83' lang='lat' dir='ltr'>A.</span> <span class='ocrx_word' id='word_1_8' title='bbox 1250 245 1406 285; x_wconf 73' lang='lat' dir='ltr'>Eclser</span> <span class='ocrx_word' id='word_1_9' title='bbox 1438 243 1644 285; x_wconf 78' lang='lat' dir='ltr'>delineavit</span> <span class='ocrx_word' id='word_1_10' title='bbox 1674 244 1713 285; x_wconf 91' lang='lat' dir='ltr'>in</span> <span class='ocrx_word' id='word_1_11' title='bbox 1744 244 1925 287; x_wconf 87' lang='lat' dir='ltr'>Iconibus</span> 
     </span>
     <span class='ocr_line' id='line_1_3' title="bbox 230 312 1904 368; baseline -0.001 -12"><span class='ocrx_word' id='word_1_12' title='bbox 230 314 308 356; x_wconf 87' lang='lat' dir='ltr'>suis</span> <span class='ocrx_word' id='word_1_13' title='bbox 339 312 613 368; x_wconf 80' lang='lat' dir='ltr'>physiologicis</span> <span class='ocrx_word' id='word_1_14' title='bbox 642 315 719 355; x_wconf 86' lang='lat' dir='ltr'>tab.</span> <span class='ocrx_word' id='word_1_15' title='bbox 742 314 891 363; x_wconf 80' lang='lat' dir='ltr'>XXIII.</span> <span class='ocrx_word' id='word_1_16' title='bbox 930 315 995 367; x_wconf 90' lang='lat' dir='ltr'>fig.</span> <span class='ocrx_word' id='word_1_17' title='bbox 1017 315 1087 355; x_wconf 83' lang='lat' dir='ltr'>IX.</span> <span class='ocrx_word' id='word_1_18' title='bbox 1902 314 1904 318; x_wconf 76' lang='grc'>’</span> 
     </span>
    </p>

    <p class='ocr_par' dir='ltr' id='par_1_3' title="bbox 226 385 1925 1381">
     <span class='ocr_line' id='line_1_4' title="bbox 347 385 1924 441; baseline 0.002 -13"><span class='ocrx_word' id='word_1_19' title='bbox 347 387 643 429; x_wconf 78' lang='lat' dir='ltr'>Observationes</span> <span class='ocrx_word' id='word_1_20' title='bbox 685 401 779 440; x_wconf 89' lang='lat' dir='ltr'>quas</span> <span class='ocrx_word' id='word_1_21' title='bbox 819 386 965 428; x_wconf 83' lang='lat' dir='ltr'>institui</span> <span class='ocrx_word' id='word_1_22' title='bbox 1006 388 1055 427; x_wconf 88' lang='lat' dir='ltr'>de</span> <span class='ocrx_word' id='word_1_23' title='bbox 1089 386 1212 441; x_wconf 87' lang='lat' dir='ltr'>prima</span> <span class='ocrx_word' id='word_1_24' title='bbox 1243 385 1469 427; x_wconf 79' lang='lat' dir='ltr'>cellularum</span> <span class='ocrx_word' id='word_1_25' title='bbox 1500 387 1541 428; x_wconf 91' lang='lat' dir='ltr'>in</span> <span class='ocrx_word' id='word_1_26' title='bbox 1572 388 1673 429; x_wconf 88' lang='lat' dir='ltr'>ranis</span> <span class='ocrx_word' id='word_1_27' title='bbox 1707 388 1924 431; x_wconf 88' lang='lat' dir='ltr'>evolutione</span> 
     </span>
     <span class='ocr_line' id='line_1_5' title="bbox 231 459 1924 514; baseline 0.001 -14"><span class='ocrx_word' id='word_1_28' title='bbox 231 473 351 513; x_wconf 90' lang='lat' dir='ltr'>quum</span> <span class='ocrx_word' id='word_1_29' title='bbox 379 459 532 514; x_wconf 90' lang='lat' dir='ltr'>saepius</span> <span class='ocrx_word' id='word_1_30' title='bbox 567 474 630 500; x_wconf 89' lang='lat' dir='ltr'>me</span> <span class='ocrx_word' id='word_1_31' title='bbox 663 459 929 500; x_wconf 76' lang='lat' dir='ltr'>adduxissent.</span> <span class='ocrx_word' id='word_1_32' title='bbox 962 464 1006 500; x_wconf 90' lang='grc'>111</span> <span class='ocrx_word' id='word_1_33' title='bbox 1043 463 1122 499; x_wconf 89' lang='lat' dir='ltr'>arte</span> <span class='ocrx_word' id='word_1_34' title='bbox 1156 459 1432 499; x_wconf 87' lang='lat' dir='ltr'>foecundarem</span> <span class='ocrx_word' id='word_1_35' title='bbox 1475 472 1545 500; x_wconf 87' lang='lat' dir='ltr'>ova</span> <span class='ocrx_word' id='word_1_36' title='bbox 1578 473 1769 500; x_wconf 90' lang='lat' dir='ltr'>ranarum.</span> <span class='ocrx_word' id='word_1_37' title='bbox 1809 460 1924 502; x_wconf 87' lang='lat' dir='ltr'>etiam</span> 
     </span>
     <span class='ocr_line' id='line_1_6' title="bbox 228 531 1924 586; baseline 0.001 -15"><span class='ocrx_word' id='word_1_38' title='bbox 228 531 268 572; x_wconf 92' lang='lat' dir='ltr'>in</span> <span class='ocrx_word' id='word_1_39' title='bbox 310 545 492 573; x_wconf 88' lang='lat' dir='ltr'>coronam</span> <span class='ocrx_word' id='word_1_40' title='bbox 523 545 620 584; x_wconf 90' lang='lat' dir='ltr'>quae</span> <span class='ocrx_word' id='word_1_41' title='bbox 650 531 789 573; x_wconf 90' lang='lat' dir='ltr'>dicitur</span> <span class='ocrx_word' id='word_1_42' title='bbox 827 531 1026 585; x_wconf 87' lang='lat' dir='ltr'>plicarum.</span> <span class='ocrx_word' id='word_1_43' title='bbox 1071 545 1146 584; x_wconf 87' lang='lat' dir='ltr'>qua.</span> <span class='ocrx_word' id='word_1_44' title='bbox 1187 531 1314 585; x_wconf 89' lang='lat' dir='ltr'>specie</span> <span class='ocrx_word' id='word_1_45' title='bbox 1362 545 1405 571; x_wconf 85' lang='lat' dir='ltr'>ac</span> <span class='ocrx_word' id='word_1_46' title='bbox 1441 532 1562 572; x_wconf 80' lang='lat' dir='ltr'>forma</span> <span class='ocrx_word' id='word_1_47' title='bbox 1600 532 1770 586; x_wconf 86' lang='lat' dir='ltr'>primum</span> <span class='ocrx_word' id='word_1_48' title='bbox 1807 547 1924 586; x_wconf 89' lang='lat' dir='ltr'>appa-</span> 
     </span>
     <span class='ocr_line' id='line_1_7' title="bbox 228 603 1924 658; baseline 0 -12"><span class='ocrx_word' id='word_1_49' title='bbox 228 610 331 646; x_wconf 88' lang='lat' dir='ltr'>reret</span> <span class='ocrx_word' id='word_1_50' title='bbox 373 609 410 645; x_wconf 91' lang='lat' dir='ltr'>et</span> <span class='ocrx_word' id='word_1_51' title='bbox 447 605 642 658; x_wconf 88' lang='lat' dir='ltr'>quomodo</span> <span class='ocrx_word' id='word_1_52' title='bbox 684 607 941 645; x_wconf 75' lang='lat' dir='ltr'>evanesceret.</span> <span class='ocrx_word' id='word_1_53' title='bbox 997 603 1169 644; x_wconf 86' lang='lat' dir='ltr'>animum</span> <span class='ocrx_word' id='word_1_54' title='bbox 1210 616 1342 643; x_wconf 90' lang='lat' dir='ltr'>meum</span> <span class='ocrx_word' id='word_1_55' title='bbox 1389 608 1675 645; x_wconf 80' lang='lat' dir='ltr'>converterunt.</span> <span class='ocrx_word' id='word_1_56' title='bbox 1744 605 1924 646; x_wconf 82' lang='lat' dir='ltr'>Fortasse</span> 
     </span>
     <span class='ocr_line' id='line_1_8' title="bbox 229 674 1924 729; baseline 0.001 -11"><span class='ocrx_word' id='word_1_57' title='bbox 229 691 307 718; x_wconf 91' lang='lat' dir='ltr'>non</span> <span class='ocrx_word' id='word_1_58' title='bbox 328 682 433 718; x_wconf 88' lang='lat' dir='ltr'>tanta</span> <span class='ocrx_word' id='word_1_59' title='bbox 464 690 553 718; x_wconf 88' lang='lat' dir='ltr'>cum</span> <span class='ocrx_word' id='word_1_60' title='bbox 586 675 786 729; x_wconf 76' lang='lat' dir='ltr'>diligentia</span> <span class='ocrx_word' id='word_1_61' title='bbox 816 674 1102 717; x_wconf 87' lang='lat' dir='ltr'>observationes</span> <span class='ocrx_word' id='word_1_62' title='bbox 1133 675 1215 717; x_wconf 85' lang='lat' dir='ltr'>illas</span> <span class='ocrx_word' id='word_1_63' title='bbox 1241 674 1506 716; x_wconf 83' lang='lat' dir='ltr'>instituissem.</span> <span class='ocrx_word' id='word_1_64' title='bbox 1539 674 1611 715; x_wconf 88' lang='lat' dir='ltr'>nisi</span> <span class='ocrx_word' id='word_1_65' title='bbox 1635 677 1924 719; x_wconf 35' lang='lat' dir='ltr'>Revschercus</span> 
     </span>
     <span class='ocr_line' id='line_1_9' title="bbox 228 747 1923 802; baseline 0.001 -13"><span class='ocrx_word' id='word_1_66' title='bbox 228 748 369 790; x_wconf 87' lang='lat' dir='ltr'>iterum</span> <span class='ocrx_word' id='word_1_67' title='bbox 407 753 522 802; x_wconf 86' lang='lat' dir='ltr'>atque</span> <span class='ocrx_word' id='word_1_68' title='bbox 561 748 702 790; x_wconf 87' lang='lat' dir='ltr'>iterum</span> <span class='ocrx_word' id='word_1_69' title='bbox 733 761 796 789; x_wconf 87' lang='grc'><strong>1110</strong></span> <span class='ocrx_word' id='word_1_70' title='bbox 829 747 1022 788; x_wconf 80' lang='lat' dir='ltr'>excitaret.</span> <span class='ocrx_word' id='word_1_71' title='bbox 1061 752 1104 788; x_wconf 90' lang='lat' dir='ltr'>ut</span> <span class='ocrx_word' id='word_1_72' title='bbox 1150 761 1308 802; x_wconf 79' lang='lat' dir='ltr'>operam</span> <span class='ocrx_word' id='word_1_73' title='bbox 1351 748 1484 788; x_wconf 83' lang='lat' dir='ltr'>darem</span> <span class='ocrx_word' id='word_1_74' title='bbox 1528 760 1691 788; x_wconf 88' lang='lat' dir='ltr'>coronae</span> <span class='ocrx_word' id='word_1_75' title='bbox 1736 747 1923 801; x_wconf 89' lang='lat' dir='ltr'>plicarum</span> 
     </span>
     <span class='ocr_line' id='line_1_10' title="bbox 228 819 1922 874; baseline 0.001 -13"><span class='ocrx_word' id='word_1_76' title='bbox 228 819 411 862; x_wconf 89' lang='lat' dir='ltr'>attentius</span> <span class='ocrx_word' id='word_1_77' title='bbox 442 819 717 874; x_wconf 79' lang='lat' dir='ltr'>explorandae.</span> <span class='ocrx_word' id='word_1_78' title='bbox 757 833 854 872; x_wconf 90' lang='lat' dir='ltr'>quae</span> <span class='ocrx_word' id='word_1_79' title='bbox 895 819 1039 861; x_wconf 87' lang='lat' dir='ltr'>scilicet</span> <span class='ocrx_word' id='word_1_80' title='bbox 1074 820 1215 860; x_wconf 88' lang='lat' dir='ltr'>idonea</span> <span class='ocrx_word' id='word_1_81' title='bbox 1246 823 1358 861; x_wconf 83' lang='lat' dir='ltr'>esset.</span> <span class='ocrx_word' id='word_1_82' title='bbox 1392 832 1489 871; x_wconf 89' lang='lat' dir='ltr'>quae</span> <span class='ocrx_word' id='word_1_83' title='bbox 1522 820 1821 860; x_wconf 87' lang='lat' dir='ltr'>controversiam</span> <span class='ocrx_word' id='word_1_84' title='bbox 1852 835 1922 862; x_wconf 92' lang='lat' dir='ltr'>no-</span> 
     </span>
     <span class='ocr_line' id='line_1_11' title="bbox 228 890 1922 946; baseline -0.001 -12"><span class='ocrx_word' id='word_1_85' title='bbox 228 896 346 934; x_wconf 86' lang='lat' dir='ltr'>stram</span> <span class='ocrx_word' id='word_1_86' title='bbox 383 893 431 933; x_wconf 90' lang='lat' dir='ltr'>de</span> <span class='ocrx_word' id='word_1_87' title='bbox 471 892 696 934; x_wconf 88' lang='lat' dir='ltr'>necessariis</span> <span class='ocrx_word' id='word_1_88' title='bbox 728 892 887 933; x_wconf 84' lang='lat' dir='ltr'>cellulae</span> <span class='ocrx_word' id='word_1_89' title='bbox 927 892 1101 946; x_wconf 88' lang='lat' dir='ltr'>partibus</span> <span class='ocrx_word' id='word_1_90' title='bbox 1141 892 1348 932; x_wconf 78' lang='lat' dir='ltr'>dirimeret.</span> <span class='ocrx_word' id='word_1_91' title='bbox 1413 891 1574 931; x_wconf 84' lang='lat' dir='ltr'>Debitas</span> <span class='ocrx_word' id='word_1_92' title='bbox 1619 890 1760 942; x_wconf 77' lang='lat' dir='ltr'>gratias</span> <span class='ocrx_word' id='word_1_93' title='bbox 1804 891 1922 943; x_wconf 84' lang='lat' dir='ltr'>igitur</span> 
     </span>
     <span class='ocr_line' id='line_1_12' title="bbox 227 961 1924 1019; baseline -0.002 -12"><span class='ocrx_word' id='word_1_94' title='bbox 227 979 302 1018; x_wconf 86' lang='lat' dir='ltr'>ago</span> <span class='ocrx_word' id='word_1_95' title='bbox 343 966 633 1012; x_wconf 53' lang='lat' dir='ltr'>Reiz-herrm</span> <span class='ocrx_word' id='word_1_96' title='bbox 676 963 954 1019; x_wconf 87' lang='lat' dir='ltr'>perpulchrum</span> <span class='ocrx_word' id='word_1_97' title='bbox 998 964 1101 1005; x_wconf 89' lang='lat' dir='ltr'>enim</span> <span class='ocrx_word' id='word_1_98' title='bbox 1151 969 1188 1004; x_wconf 85' lang='lat' dir='ltr'>et</span> <span class='ocrx_word' id='word_1_99' title='bbox 1230 963 1342 1018; x_wconf 87' lang='lat' dir='ltr'>plane</span> <span class='ocrx_word' id='word_1_100' title='bbox 1385 962 1580 1015; x_wconf 85' lang='lat' dir='ltr'>singulare</span> <span class='ocrx_word' id='word_1_101' title='bbox 1625 961 1924 1017; x_wconf 89' lang='lat' dir='ltr'>phaenomenon</span> 
     </span>
     <span class='ocr_line' id='line_1_13' title="bbox 226 1034 1925 1091; baseline -0.001 -13"><span class='ocrx_word' id='word_1_102' title='bbox 226 1037 335 1079; x_wconf 90' lang='lat' dir='ltr'>illud.</span> <span class='ocrx_word' id='word_1_103' title='bbox 375 1038 479 1091; x_wconf 89' lang='lat' dir='ltr'>quod</span> <span class='ocrx_word' id='word_1_104' title='bbox 516 1036 580 1078; x_wconf 91' lang='lat' dir='ltr'>illo</span> <span class='ocrx_word' id='word_1_105' title='bbox 612 1037 820 1089; x_wconf 74' lang='lat' dir='ltr'>instigante</span> <span class='ocrx_word' id='word_1_106' title='bbox 863 1036 1038 1089; x_wconf 84' lang='lat' dir='ltr'>cognovi.</span> <span class='ocrx_word' id='word_1_107' title='bbox 1102 1036 1212 1086; x_wconf 70' lang='lat' dir='ltr'>Quod</span> <span class='ocrx_word' id='word_1_108' title='bbox 1261 1050 1380 1089; x_wconf 83' lang='lat' dir='ltr'>quum</span> <span class='ocrx_word' id='word_1_109' title='bbox 1421 1040 1642 1089; x_wconf 87' lang='lat' dir='ltr'>reputarem</span> <span class='ocrx_word' id='word_1_110' title='bbox 1685 1034 1925 1089; x_wconf 82' lang='lat' dir='ltr'>paucissimis</span> 
     </span>
     <span class='ocr_line' id='line_1_14' title="bbox 226 1104 1925 1163; baseline -0.003 -13"><span class='ocrx_word' id='word_1_111' title='bbox 226 1114 377 1151; x_wconf 87' lang='lat' dir='ltr'>tantum</span> <span class='ocrx_word' id='word_1_112' title='bbox 410 1109 609 1162; x_wconf 89' lang='lat' dir='ltr'>cognitum</span> <span class='ocrx_word' id='word_1_113' title='bbox 643 1123 740 1157; x_wconf 68' lang='lat' dir='ltr'>esse,</span> <span class='ocrx_word' id='word_1_114' title='bbox 776 1123 854 1149; x_wconf 89' lang='lat' dir='ltr'>non</span> <span class='ocrx_word' id='word_1_115' title='bbox 890 1109 997 1163; x_wconf 91' lang='lat' dir='ltr'>potui</span> <span class='ocrx_word' id='word_1_116' title='bbox 1032 1108 1123 1161; x_wconf 87' lang='lat' dir='ltr'>quin</span> <span class='ocrx_word' id='word_1_117' title='bbox 1153 1107 1287 1160; x_wconf 79' lang='lat' dir='ltr'>figuris</span> <span class='ocrx_word' id='word_1_118' title='bbox 1310 1108 1606 1148; x_wconf 86' lang='lat' dir='ltr'>adumbrassem</span> <span class='ocrx_word' id='word_1_119' title='bbox 1637 1120 1705 1147; x_wconf 82' lang='lat' dir='ltr'>ova</span> <span class='ocrx_word' id='word_1_120' title='bbox 1737 1104 1925 1159; x_wconf 87' lang='lat' dir='ltr'>plicarum</span> 
     </span>
     <span class='ocr_line' id='line_1_15' title="bbox 229 1176 1922 1236; baseline -0.003 -14"><span class='ocrx_word' id='word_1_121' title='bbox 229 1195 370 1223; x_wconf 90' lang='lat' dir='ltr'>corona</span> <span class='ocrx_word' id='word_1_122' title='bbox 403 1185 546 1231; x_wconf 89' lang='lat' dir='ltr'>ornata.</span> <span class='ocrx_word' id='word_1_123' title='bbox 591 1194 686 1234; x_wconf 87' lang='lat' dir='ltr'>quas</span> <span class='ocrx_word' id='word_1_124' title='bbox 716 1195 819 1222; x_wconf 90' lang='lat' dir='ltr'>nunc</span> <span class='ocrx_word' id='word_1_125' title='bbox 850 1180 991 1236; x_wconf 87' lang='lat' dir='ltr'>publici</span> <span class='ocrx_word' id='word_1_126' title='bbox 1027 1180 1120 1222; x_wconf 87' lang='lat' dir='ltr'>iuris</span> <span class='ocrx_word' id='word_1_127' title='bbox 1158 1180 1267 1221; x_wconf 87' lang='lat' dir='ltr'>facio.</span> <span class='ocrx_word' id='word_1_128' title='bbox 1330 1180 1451 1234; x_wconf 80' lang='lat' dir='ltr'>Spero</span> <span class='ocrx_word' id='word_1_129' title='bbox 1494 1178 1554 1221; x_wconf 90' lang='lat' dir='ltr'>his</span> <span class='ocrx_word' id='word_1_130' title='bbox 1598 1176 1922 1219; x_wconf 78' lang='lat' dir='ltr'>delineationibus</span> 
     </span>
     <span class='ocr_line' id='line_1_16' title="bbox 227 1249 1922 1309; baseline -0.004 -13"><span class='ocrx_word' id='word_1_131' title='bbox 227 1269 290 1296; x_wconf 90' lang='lat' dir='ltr'>me</span> <span class='ocrx_word' id='word_1_132' title='bbox 329 1256 581 1309; x_wconf 88' lang='lat' dir='ltr'>probaturum</span> <span class='ocrx_word' id='word_1_133' title='bbox 613 1268 710 1295; x_wconf 86' lang='lat' dir='ltr'>esse.</span> <span class='ocrx_word' id='word_1_134' title='bbox 756 1268 818 1294; x_wconf 89' lang='lat' dir='ltr'>me</span> <span class='ocrx_word' id='word_1_135' title='bbox 851 1267 930 1294; x_wconf 92' lang='lat' dir='ltr'>non</span> <span class='ocrx_word' id='word_1_136' title='bbox 963 1253 1085 1293; x_wconf 88' lang='lat' dir='ltr'>obiter</span> <span class='ocrx_word' id='word_1_137' title='bbox 1128 1266 1212 1294; x_wconf 91' lang='lat' dir='ltr'>rem</span> <span class='ocrx_word' id='word_1_138' title='bbox 1244 1256 1452 1307; x_wconf 78' lang='lat' dir='ltr'>spectasse.</span> <span class='ocrx_word' id='word_1_139' title='bbox 1514 1250 1673 1292; x_wconf 87' lang='lat' dir='ltr'>Minime</span> <span class='ocrx_word' id='word_1_140' title='bbox 1709 1263 1802 1303; x_wconf 88' lang='lat' dir='ltr'>ergo</span> <span class='ocrx_word' id='word_1_141' title='bbox 1835 1249 1922 1303; x_wconf 91' lang='lat' dir='ltr'>plus</span> 
     </span>
     <span class='ocr_line' id='line_1_17' title="bbox 228 1323 1920 1381; baseline -0.004 -12"><span class='ocrx_word' id='word_1_142' title='bbox 228 1341 352 1381; x_wconf 87' lang='lat' dir='ltr'>aequo</span> <span class='ocrx_word' id='word_1_143' title='bbox 384 1326 480 1368; x_wconf 89' lang='lat' dir='ltr'>mihi</span> <span class='ocrx_word' id='word_1_144' title='bbox 511 1327 686 1375; x_wconf 72' lang='lat' dir='ltr'>adsumo.</span> <span class='ocrx_word' id='word_1_145' title='bbox 728 1326 791 1379; x_wconf 87' lang='grc'><strong>11111</strong></span> <span class='ocrx_word' id='word_1_146' title='bbox 819 1325 940 1366; x_wconf 88' lang='lat' dir='ltr'>libere</span> <span class='ocrx_word' id='word_1_147' title='bbox 971 1325 1201 1367; x_wconf 82' lang='lat' dir='ltr'>sententiam</span> <span class='ocrx_word' id='word_1_148' title='bbox 1222 1339 1349 1366; x_wconf 88' lang='lat' dir='ltr'>meam</span> <span class='ocrx_word' id='word_1_149' title='bbox 1381 1325 1429 1365; x_wconf 86' lang='lat' dir='ltr'>de</span> <span class='ocrx_word' id='word_1_150' title='bbox 1458 1323 1531 1365; x_wconf 89' lang='lat' dir='ltr'>hac</span> <span class='ocrx_word' id='word_1_151' title='bbox 1560 1337 1701 1365; x_wconf 88' lang='lat' dir='ltr'>corona</span> <span class='ocrx_word' id='word_1_152' title='bbox 1730 1323 1920 1377; x_wconf 87' lang='lat' dir='ltr'>profitear.</span> 
     </span>
    </p>

    <p class='ocr_par' dir='ltr' id='par_1_4' title="bbox 229 1395 1924 1586">
     <span class='ocr_line' id='line_1_18' title="bbox 343 1395 1924 1453; baseline -0.003 -13"><span class='ocrx_word' id='word_1_153' title='bbox 343 1399 470 1453; x_wconf 86' lang='lat' dir='ltr'>Atque</span> <span class='ocrx_word' id='word_1_154' title='bbox 502 1398 575 1440; x_wconf 88' lang='lat' dir='ltr'>hac</span> <span class='ocrx_word' id='word_1_155' title='bbox 609 1398 767 1452; x_wconf 90' lang='lat' dir='ltr'>quidem</span> <span class='ocrx_word' id='word_1_156' title='bbox 804 1398 1138 1440; x_wconf 88' lang='lat' dir='ltr'>dissertatiuncula</span> <span class='ocrx_word' id='word_1_157' title='bbox 1169 1398 1337 1453; x_wconf 88' lang='lat' dir='ltr'>primum</span> <span class='ocrx_word' id='word_1_158' title='bbox 1373 1396 1593 1439; x_wconf 84' lang='lat' dir='ltr'>describere</span> <span class='ocrx_word' id='word_1_159' title='bbox 1632 1395 1671 1436; x_wconf 92' lang='lat' dir='ltr'>in</span> <span class='ocrx_word' id='word_1_160' title='bbox 1703 1395 1831 1436; x_wconf 89' lang='lat' dir='ltr'>animo</span> <span class='ocrx_word' id='word_1_161' title='bbox 1865 1399 1924 1436; x_wconf 91' lang='lat' dir='ltr'>est</span> 
     </span>
     <span class='ocr_line' id='line_1_19' title="bbox 230 1467 1922 1525; baseline -0.003 -12"><span class='ocrx_word' id='word_1_162' title='bbox 230 1485 327 1525; x_wconf 90' lang='lat' dir='ltr'>quae</span> <span class='ocrx_word' id='word_1_163' title='bbox 360 1473 409 1513; x_wconf 86' lang='lat' dir='ltr'>de</span> <span class='ocrx_word' id='word_1_164' title='bbox 447 1471 672 1513; x_wconf 83' lang='lat' dir='ltr'>formatione</span> <span class='ocrx_word' id='word_1_165' title='bbox 718 1475 756 1512; x_wconf 85' lang='lat' dir='ltr'>et</span> <span class='ocrx_word' id='word_1_166' title='bbox 798 1470 933 1512; x_wconf 89' lang='lat' dir='ltr'>habitu</span> <span class='ocrx_word' id='word_1_167' title='bbox 974 1471 1160 1525; x_wconf 88' lang='lat' dir='ltr'>plicarum</span> <span class='ocrx_word' id='word_1_168' title='bbox 1195 1471 1405 1513; x_wconf 82' lang='lat' dir='ltr'>observavi.</span> <span class='ocrx_word' id='word_1_169' title='bbox 1453 1470 1595 1511; x_wconf 84' lang='lat' dir='ltr'>deinde</span> <span class='ocrx_word' id='word_1_170' title='bbox 1636 1467 1811 1510; x_wconf 90' lang='lat' dir='ltr'>nonnihil</span> <span class='ocrx_word' id='word_1_171' title='bbox 1853 1468 1922 1508; x_wconf 87' lang='lat' dir='ltr'>ad-</span> 
     </span>
     <span class='ocr_line' id='line_1_20' title="bbox 229 1544 1324 1586; baseline 0 -2"><span class='ocrx_word' id='word_1_172' title='bbox 229 1545 370 1586; x_wconf 81' lang='lat' dir='ltr'>notabo</span> <span class='ocrx_word' id='word_1_173' title='bbox 411 1545 459 1585; x_wconf 91' lang='lat' dir='ltr'>de</span> <span class='ocrx_word' id='word_1_174' title='bbox 491 1544 756 1585; x_wconf 87' lang='lat' dir='ltr'>fundamento.</span> <span class='ocrx_word' id='word_1_175' title='bbox 790 1544 935 1585; x_wconf 84' lang='lat' dir='ltr'>ratione</span> <span class='ocrx_word' id='word_1_176' title='bbox 969 1548 1007 1585; x_wconf 90' lang='lat' dir='ltr'>et</span> <span class='ocrx_word' id='word_1_177' title='bbox 1038 1559 1151 1586; x_wconf 88' lang='lat' dir='ltr'>causa</span> <span class='ocrx_word' id='word_1_178' title='bbox 1183 1558 1324 1585; x_wconf 87' lang='lat' dir='ltr'>earum.</span> 
     </span>
    </p>

    <p class='ocr_par' dir='ltr' id='par_1_5' title="bbox 229 1614 1924 2101">
     <span class='ocr_line' id='line_1_21' title="bbox 348 1614 1921 1671; baseline -0.002 -15"><span class='ocrx_word' id='word_1_179' title='bbox 348 1616 647 1670; x_wconf 81' lang='lat' dir='ltr'>Disquisitiones</span> <span class='ocrx_word' id='word_1_180' title='bbox 678 1630 783 1658; x_wconf 84' lang='lat' dir='ltr'>meas</span> <span class='ocrx_word' id='word_1_181' title='bbox 815 1616 961 1657; x_wconf 88' lang='lat' dir='ltr'>institui</span> <span class='ocrx_word' id='word_1_182' title='bbox 992 1616 1031 1657; x_wconf 88' lang='lat' dir='ltr'>in</span> <span class='ocrx_word' id='word_1_183' title='bbox 1068 1617 1148 1659; x_wconf 83' lang='lat' dir='ltr'>ovis</span> <span class='ocrx_word' id='word_1_184' title='bbox 1188 1633 1307 1658; x_wconf 63' lang='lat' dir='ltr'>ramae</span> <span class='ocrx_word' id='word_1_185' title='bbox 1348 1619 1598 1671; x_wconf 62' lang='lat' dir='ltr'>temporariae</span> <span class='ocrx_word' id='word_1_186' title='bbox 1641 1618 1679 1654; x_wconf 87' lang='lat' dir='ltr'>et</span> <span class='ocrx_word' id='word_1_187' title='bbox 1710 1614 1921 1655; x_wconf 66' lang='lat' dir='ltr'>esculentae.</span> 
     </span>
     <span class='ocr_line' id='line_1_22' title="bbox 230 1684 1922 1742; baseline -0.002 -14"><span class='ocrx_word' id='word_1_188' title='bbox 230 1688 335 1728; x_wconf 84' lang='lat' dir='ltr'>Luce</span> <span class='ocrx_word' id='word_1_189' title='bbox 365 1687 455 1728; x_wconf 88' lang='lat' dir='ltr'>satis</span> <span class='ocrx_word' id='word_1_190' title='bbox 493 1687 593 1728; x_wconf 89' lang='lat' dir='ltr'>clara</span> <span class='ocrx_word' id='word_1_191' title='bbox 624 1688 933 1730; x_wconf 85' lang='lat' dir='ltr'>observationem</span> <span class='ocrx_word' id='word_1_192' title='bbox 965 1702 1125 1729; x_wconf 92' lang='lat' dir='ltr'>ovorum</span> <span class='ocrx_word' id='word_1_193' title='bbox 1156 1701 1271 1728; x_wconf 89' lang='lat' dir='ltr'>ranae</span> <span class='ocrx_word' id='word_1_194' title='bbox 1304 1690 1553 1742; x_wconf 67' lang='lat' dir='ltr'>tempffl‘ariae</span> <span class='ocrx_word' id='word_1_195' title='bbox 1586 1684 1787 1725; x_wconf 89' lang='lat' dir='ltr'>meliorem</span> <span class='ocrx_word' id='word_1_196' title='bbox 1809 1684 1922 1732; x_wconf 76' lang='lat' dir='ltr'>duco⁷</span> 
     </span>
     <span class='ocr_line' id='line_1_23' title="bbox 231 1755 1923 1815; baseline -0.002 -16"><span class='ocrx_word' id='word_1_197' title='bbox 231 1773 397 1812; x_wconf 88' lang='lat' dir='ltr'>quorum</span> <span class='ocrx_word' id='word_1_198' title='bbox 426 1760 465 1801; x_wconf 90' lang='lat' dir='ltr'>in</span> <span class='ocrx_word' id='word_1_199' title='bbox 495 1761 698 1815; x_wconf 85' lang='lat' dir='ltr'>superficie</span> <span class='ocrx_word' id='word_1_200' title='bbox 725 1760 841 1802; x_wconf 86' lang='lat' dir='ltr'>vitelli</span> <span class='ocrx_word' id='word_1_201' title='bbox 873 1760 1060 1814; x_wconf 89' lang='lat' dir='ltr'>superiori</span> <span class='ocrx_word' id='word_1_202' title='bbox 1091 1759 1341 1812; x_wconf 86' lang='lat' dir='ltr'>aequabiliter</span> <span class='ocrx_word' id='word_1_203' title='bbox 1378 1758 1489 1810; x_wconf 85' lang='lat' dir='ltr'>nigra</span> <span class='ocrx_word' id='word_1_204' title='bbox 1520 1770 1641 1809; x_wconf 88' lang='lat' dir='ltr'>rugae</span> <span class='ocrx_word' id='word_1_205' title='bbox 1674 1755 1923 1797; x_wconf 88' lang='lat' dir='ltr'>tenuissimae</span> 
     </span>
     <span class='ocr_line' id='line_1_24' title="bbox 230 1828 1924 1886; baseline -0.002 -14"><span class='ocrx_word' id='word_1_206' title='bbox 230 1831 350 1872; x_wconf 90' lang='lat' dir='ltr'>multo</span> <span class='ocrx_word' id='word_1_207' title='bbox 389 1832 527 1873; x_wconf 89' lang='lat' dir='ltr'>clarius</span> <span class='ocrx_word' id='word_1_208' title='bbox 567 1831 749 1885; x_wconf 88' lang='lat' dir='ltr'>cognosci</span> <span class='ocrx_word' id='word_1_209' title='bbox 788 1836 951 1886; x_wconf 89' lang='lat' dir='ltr'>possunt</span> <span class='ocrx_word' id='word_1_210' title='bbox 989 1837 1104 1885; x_wconf 90' lang='lat' dir='ltr'>atque</span> <span class='ocrx_word' id='word_1_211' title='bbox 1147 1830 1352 1883; x_wconf 87' lang='lat' dir='ltr'>distingui.</span> <span class='ocrx_word' id='word_1_212' title='bbox 1400 1844 1516 1884; x_wconf 89' lang='lat' dir='ltr'>quam</span> <span class='ocrx_word' id='word_1_213' title='bbox 1554 1829 1593 1869; x_wconf 88' lang='grc'>111</span> <span class='ocrx_word' id='word_1_214' title='bbox 1632 1828 1762 1870; x_wconf 90' lang='lat' dir='ltr'>vitello</span> <span class='ocrx_word' id='word_1_215' title='bbox 1809 1841 1924 1868; x_wconf 90' lang='lat' dir='ltr'>ranae</span> 
     </span>
     <span class='ocr_line' id='line_1_25' title="bbox 230 1899 1920 1959; baseline -0.004 -12"><span class='ocrx_word' id='word_1_216' title='bbox 230 1907 453 1947; x_wconf 70' lang='lat' dir='ltr'>esculentae.</span> <span class='ocrx_word' id='word_1_217' title='bbox 507 1905 649 1959; x_wconf 87' lang='lat' dir='ltr'>quippe</span> <span class='ocrx_word' id='word_1_218' title='bbox 694 1905 758 1958; x_wconf 91' lang='lat' dir='ltr'>qui</span> <span class='ocrx_word' id='word_1_219' title='bbox 803 1905 930 1946; x_wconf 89' lang='lat' dir='ltr'>colore</span> <span class='ocrx_word' id='word_1_220' title='bbox 972 1904 1020 1946; x_wconf 90' lang='lat' dir='ltr'>sit</span> <span class='ocrx_word' id='word_1_221' title='bbox 1061 1905 1168 1946; x_wconf 83' lang='lat' dir='ltr'>fusco</span> <span class='ocrx_word' id='word_1_222' title='bbox 1212 1903 1454 1956; x_wconf 87' lang='lat' dir='ltr'>maculisque</span> <span class='ocrx_word' id='word_1_223' title='bbox 1497 1905 1651 1943; x_wconf 89' lang='lat' dir='ltr'>notatus</span> <span class='ocrx_word' id='word_1_224' title='bbox 1695 1899 1920 1942; x_wconf 87' lang='lat' dir='ltr'>subalbidis.</span> 
     </span>
     <span class='ocr_line' id='line_1_26' title="bbox 230 1970 1923 2031; baseline -0.004 -13"><span class='ocrx_word' id='word_1_225' title='bbox 230 1978 436 2018; x_wconf 86' lang='lat' dir='ltr'>Praeterea</span> <span class='ocrx_word' id='word_1_226' title='bbox 470 1990 539 2019; x_wconf 89' lang='lat' dir='ltr'>ova</span> <span class='ocrx_word' id='word_1_227' title='bbox 570 1991 685 2018; x_wconf 90' lang='lat' dir='ltr'>ranae</span> <span class='ocrx_word' id='word_1_228' title='bbox 716 1976 968 2031; x_wconf 86' lang='lat' dir='ltr'>temporariae</span> <span class='ocrx_word' id='word_1_229' title='bbox 1010 1976 1140 2030; x_wconf 88' lang='lat' dir='ltr'>plnres</span> <span class='ocrx_word' id='word_1_230' title='bbox 1174 1975 1448 2028; x_wconf 85' lang='lat' dir='ltr'>tenuioresque</span> <span class='ocrx_word' id='word_1_231' title='bbox 1481 1974 1599 2029; x_wconf 88' lang='lat' dir='ltr'>plicas</span> <span class='ocrx_word' id='word_1_232' title='bbox 1632 1974 1796 2015; x_wconf 86' lang='lat' dir='ltr'>formare</span> <span class='ocrx_word' id='word_1_233' title='bbox 1828 1970 1923 2013; x_wconf 83' lang='grc'><strong>1111111</strong></span> 
     </span>
     <span class='ocr_line' id='line_1_27' title="bbox 229 2048 1018 2101; baseline -0.001 -12"><span class='ocrx_word' id='word_1_234' title='bbox 229 2048 459 2090; x_wconf 87' lang='lat' dir='ltr'>videbantur</span> <span class='ocrx_word' id='word_1_235' title='bbox 491 2062 607 2101; x_wconf 87' lang='lat' dir='ltr'>quam</span> <span class='ocrx_word' id='word_1_236' title='bbox 639 2063 752 2091; x_wconf 89' lang='lat' dir='ltr'>ranae</span> <span class='ocrx_word' id='word_1_237' title='bbox 787 2048 1018 2090; x_wconf 88' lang='lat' dir='ltr'>esculentae.</span> 
     </span>
    </p>

    <p class='ocr_par' dir='ltr' id='par_1_6' title="bbox 230 2115 1921 2466">
     <span class='ocr_line' id='line_1_28' title="bbox 346 2115 1921 2174; baseline -0.004 -13"><span class='ocrx_word' id='word_1_238' title='bbox 346 2120 467 2161; x_wconf 89' lang='lat' dir='ltr'>Primi</span> <span class='ocrx_word' id='word_1_239' title='bbox 499 2121 593 2163; x_wconf 88' lang='lat' dir='ltr'>sulci</span> <span class='ocrx_word' id='word_1_240' title='bbox 625 2120 778 2162; x_wconf 86' lang='lat' dir='ltr'>initium</span> <span class='ocrx_word' id='word_1_241' title='bbox 804 2121 844 2162; x_wconf 89' lang='lat' dir='ltr'>in</span> <span class='ocrx_word' id='word_1_242' title='bbox 874 2120 985 2173; x_wconf 86' lang='lat' dir='ltr'>nigra</span> <span class='ocrx_word' id='word_1_243' title='bbox 1005 2133 1167 2161; x_wconf 88' lang='lat' dir='ltr'>ovorum</span> <span class='ocrx_word' id='word_1_244' title='bbox 1196 2118 1398 2174; x_wconf 86' lang='lat' dir='ltr'>superficie</span> <span class='ocrx_word' id='word_1_245' title='bbox 1428 2131 1506 2159; x_wconf 89' lang='lat' dir='ltr'>non</span> <span class='ocrx_word' id='word_1_246' title='bbox 1528 2116 1636 2158; x_wconf 85' lang='lat' dir='ltr'>facile</span> <span class='ocrx_word' id='word_1_247' title='bbox 1664 2115 1921 2168; x_wconf 89' lang='lat' dir='ltr'>cognoscitur.</span> 
     </span>
     <span class='ocr_line' id='line_1_29' title="bbox 231 2185 1920 2243; baseline -0.004 -9"><span class='ocrx_word' id='word_1_248' title='bbox 231 2193 547 2234; x_wconf 77' lang='lat' dir='ltr'>Foecundatione</span> <span class='ocrx_word' id='word_1_249' title='bbox 591 2194 694 2234; x_wconf 89' lang='lat' dir='ltr'>enim</span> <span class='ocrx_word' id='word_1_250' title='bbox 725 2194 823 2234; x_wconf 84' lang='lat' dir='ltr'>facta</span> <span class='ocrx_word' id='word_1_251' title='bbox 861 2194 959 2233; x_wconf 87' lang='lat' dir='ltr'>duae</span> <span class='ocrx_word' id='word_1_252' title='bbox 997 2191 1056 2232; x_wconf 92' lang='lat' dir='ltr'>vel</span> <span class='ocrx_word' id='word_1_253' title='bbox 1087 2196 1165 2232; x_wconf 85' lang='lat' dir='ltr'>tres</span> <span class='ocrx_word' id='word_1_254' title='bbox 1205 2189 1323 2231; x_wconf 86' lang='lat' dir='ltr'>horae</span> <span class='ocrx_word' id='word_1_255' title='bbox 1355 2188 1583 2243; x_wconf 86' lang='lat' dir='ltr'>praet-erlabi</span> <span class='ocrx_word' id='word_1_256' title='bbox 1616 2188 1752 2237; x_wconf 72' lang='lat' dir='ltr'>solent,</span> <span class='ocrx_word' id='word_1_257' title='bbox 1796 2185 1920 2241; x_wconf 89' lang='lat' dir='ltr'>prius-</span> 
     </span>
     <span class='ocr_line' id='line_1_30' title="bbox 231 2258 1921 2319; baseline -0.004 -14"><span class='ocrx_word' id='word_1_258' title='bbox 231 2279 347 2319; x_wconf 85' lang='lat' dir='ltr'>quam</span> <span class='ocrx_word' id='word_1_259' title='bbox 385 2279 455 2307; x_wconf 84' lang='grc' dir='ltr'>0νο</span> <span class='ocrx_word' id='word_1_260' title='bbox 485 2279 598 2307; x_wconf 87' lang='lat' dir='ltr'>ranae</span> <span class='ocrx_word' id='word_1_261' title='bbox 630 2265 883 2319; x_wconf 88' lang='lat' dir='ltr'>temporariae</span> <span class='ocrx_word' id='word_1_262' title='bbox 916 2265 1085 2319; x_wconf 89' lang='lat' dir='ltr'>primum</span> <span class='ocrx_word' id='word_1_263' title='bbox 1114 2263 1325 2316; x_wconf 85' lang='lat' dir='ltr'>praebeant</span> <span class='ocrx_word' id='word_1_264' title='bbox 1355 2260 1673 2313; x_wconf 85' lang='lat' dir='ltr'>segmentationis</span> <span class='ocrx_word' id='word_1_265' title='bbox 1704 2258 1921 2311; x_wconf 87' lang='lat' dir='ltr'>vestigium.</span> 
     </span>
     <span class='ocr_line' id='line_1_31' title="bbox 230 2329 1921 2388; baseline -0.007 -7"><span class='ocrx_word' id='word_1_266' title='bbox 230 2341 362 2382; x_wconf 82' lang='lat' dir='ltr'>Ranae</span> <span class='ocrx_word' id='word_1_267' title='bbox 387 2344 516 2381; x_wconf 89' lang='lat' dir='ltr'>autem</span> <span class='ocrx_word' id='word_1_268' title='bbox 551 2339 770 2380; x_wconf 88' lang='lat' dir='ltr'>esculentae</span> <span class='ocrx_word' id='word_1_269' title='bbox 802 2352 871 2379; x_wconf 89' lang='lat' dir='ltr'>ova</span> <span class='ocrx_word' id='word_1_270' title='bbox 903 2338 1083 2379; x_wconf 88' lang='lat' dir='ltr'>calidiore</span> <span class='ocrx_word' id='word_1_271' title='bbox 1104 2335 1193 2377; x_wconf 88' lang='lat' dir='ltr'>anni</span> <span class='ocrx_word' id='word_1_272' title='bbox 1223 2339 1399 2388; x_wconf 87' lang='lat' dir='ltr'>tempore</span> <span class='ocrx_word' id='word_1_273' title='bbox 1422 2331 1551 2386; x_wconf 88' lang='lat' dir='ltr'>sesqui</span> <span class='ocrx_word' id='word_1_274' title='bbox 1572 2330 1668 2372; x_wconf 88' lang='lat' dir='ltr'>hora</span> <span class='ocrx_word' id='word_1_275' title='bbox 1687 2330 1748 2372; x_wconf 88' lang='lat' dir='ltr'>vel</span> <span class='ocrx_word' id='word_1_276' title='bbox 1771 2329 1921 2370; x_wconf 87' lang='lat' dir='ltr'>duabus</span> 
     </span>
     <span class='ocr_line' id='line_1_32' title="bbox 232 2403 1921 2466; baseline -0.008 -13"><span class='ocrx_word' id='word_1_277' title='bbox 232 2412 336 2454; x_wconf 88' lang='lat' dir='ltr'>horis</span> <span class='ocrx_word' id='word_1_278' title='bbox 368 2417 456 2466; x_wconf 89' lang='lat' dir='ltr'>post</span> <span class='ocrx_word' id='word_1_279' title='bbox 483 2412 819 2453; x_wconf 87' lang='lat' dir='ltr'>foecundationem</span> <span class='ocrx_word' id='word_1_280' title='bbox 850 2411 889 2452; x_wconf 89' lang='lat' dir='ltr'>in</span> <span class='ocrx_word' id='word_1_281' title='bbox 920 2409 996 2451; x_wconf 91' lang='lat' dir='ltr'>hoc</span> <span class='ocrx_word' id='word_1_282' title='bbox 1026 2408 1194 2451; x_wconf 88' lang='lat' dir='ltr'>stadium</span> <span class='ocrx_word' id='word_1_283' title='bbox 1223 2406 1376 2446; x_wconf 87' lang='lat' dir='ltr'>intrant.</span> <span class='ocrx_word' id='word_1_284' title='bbox 1417 2404 1529 2455; x_wconf 71' lang='lat' dir='ltr'>Quod</span> <span class='ocrx_word' id='word_1_285' title='bbox 1559 2403 1707 2458; x_wconf 88' lang='lat' dir='ltr'>primae</span> <span class='ocrx_word' id='word_1_286' title='bbox 1738 2413 1921 2453; x_wconf 88' lang='lat' dir='ltr'>segmen-</span> 
     </span>
    </p>
   </div>
  </div>
 </body>
</html>
