2135 2728
1059 161 1105 199 14

231 261 457 301 membrana
488 260 570 314 ipsa
601 274 753 315 semper
785 261 897 316 plane
930 262 1036 303 fusca
1067 269 1261 318 appareat,
1294 270 1443 306 certum
1471 266 1657 307 indicium
1687 272 1803 321 atque
1838 283 1925 321 gra-

230 331 429 373 vissimum
461 332 740 374 documentum
775 333 871 375 mihi
901 335 1053 376 videtur
1086 349 1184 377 esse.
1224 339 1386 378 stratum
1412 337 1508 379 illud
1534 338 1661 392 potius
1683 341 1794 381 vitelli
1814 344 1928 396 ipsius

231 408 400 445 corticem
442 404 625 458 appellari
661 406 805 447 debere
838 421 956 460 quam
995 410 1237 451 membranae
1264 414 1443 466 propriae.
1488 410 1657 451 nomine.
1722 411 1841 462 Quale
1880 412 1928 453 sit

231 475 439 517 discrimen
471 475 740 518 consistentiae
770 477 869 520 inter
890 479 1005 521 vitelli
1033 480 1216 521 corticem
1249 486 1287 521 et
1317 482 1530 523 medullam
1562 482 1601 523 in
1635 488 1736 524 statu
1765 484 1921 533 recenti,

230 547 269 588 id
299 547 453 602 penitus
485 548 562 588 iam
593 549 835 603 exploratum
866 565 950 593 esse
985 566 1101 592 nemo
1132 566 1210 593 non
1244 553 1421 605 negabit:
1467 553 1674 595 discrimen
1705 555 1801 596 illud
1832 569 1924 597 vero

228 620 304 661 tale
348 633 445 661 esse.
486 624 529 661 ut
567 622 793 662 membrana
825 637 846 663 a
876 623 1005 664 vitello
1042 623 1193 665 diversa
1234 625 1281 666 ab
1323 624 1405 666 eius
1439 626 1641 679 superficie
1677 627 1853 681 depromi
1886 631 1924 668 et

231 691 362 733 detolli
394 693 526 746 possit.
572 692 612 732 id
650 694 867 734 secundum
904 695 1192 737 observationes
1234 711 1339 737 meas
1385 711 1500 749 quam
1537 697 1789 739 vehementer
1820 700 1924 740 refu-

230 766 392 807 tandum
424 768 530 818 puto.

349 836 499 877 Corona
529 835 646 888 igitur
672 836 859 890 plicarum
881 837 1038 879 minime
1069 838 1114 880 iis
1146 839 1314 880 exoritur
1337 840 1473 882 causis.
1509 855 1603 894 quas
1626 844 1925 885 Reiehertus

228 909 364 956 attulit‚
419 908 577 950 minime
626 922 719 962 ergo
766 908 862 950 haec
903 923 1053 951 corona.
1103 912 1152 951 ad
1194 926 1309 964 quarn
1360 913 1573 955 accuratius
1626 914 1921 956 describendam

229 983 357 1022 Renu-
369 982 392 1021 11
403 998 420 1020 e
432 989 543 1021 νίας
576 995 638 1021 me
670 981 900 1034 provocavit.
955 996 1040 1022 eam
1072 981 1191 1023 habet
1229 984 1508 1026 auctoritatem.
1557 990 1598 1026 ut
1641 990 1835 1027 certamen
1869 987 1918 1027 de

228 1052 453 1095 necessariis
485 1052 644 1094 cellulae
673 1053 846 1107 partibus
878 1055 1013 1095 sedare
1047 1054 1178 1108 possit.

346 1125 525 1177 Denique
557 1125 760 1166 nonnullas
793 1125 1105 1166 commemorabo
1138 1126 1437 1169 observationes.
1471 1142 1564 1181 quas
1599 1129 1670 1169 feci
1703 1135 1920 1183 perscruta-

227 1202 335 1238 turus
379 1201 555 1237 naturam
601 1196 918 1249 segmentationis
970 1210 1131 1237 ovorum
1168 1210 1369 1238 ranarum.
1418 1212 1515 1250 quae
1558 1199 1716 1251 quidem
1758 1200 1919 1242 arctiore

226 1269 377 1311 w‘noulo
423 1273 461 1309 et
503 1268 680 1322 propiore
726 1268 908 1309 affinitate
953 1282 1042 1309 cum
1086 1283 1226 1310 corona
1266 1269 1452 1323 plicarum
1498 1270 1649 1312 iunctae
1698 1285 1775 1312 non
1818 1277 1920 1313 sunt.

228 1341 397 1393 Quarum
431 1341 554 1395 prima
574 1341 723 1382 foveam
754 1341 899 1382 attinet.
939 1355 1055 1394 quam
1093 1345 1297 1384 pravast
1330 1347 1367 1383 et
1406 1345 1594 1384 Damas
1625 1343 1738 1397 primi
1773 1344 1919 1385 descri-

225 1417 387 1468 pserunt
410 1417 447 1453 et
469 1415 509 1453 R
522 1429 602 1454 (ter
616 1417 685 1453 ius
715 1417 846 1454 nostra
865 1414 1071 1468 appellavit
1090 1414 1223 1467 lingua
1250 1416 1539 1470 ..[fellnymila·'⁵⁸
1573 1428 1648 1467 ego
1672 1415 1831 1469 quidem
1853 1420 1918 1472 fo-

225 1503 332 1529 vecom
350 1488 637 1541 qerminativmn
670 1485 889 1526 nominabo.
929 1499 1026 1539 quae
1058 1485 1097 1526 in
1128 1486 1337 1540 superiore,
1372 1487 1480 1528 fusco
1505 1486 1632 1528 colore
1655 1492 1789 1528 ornata
1810 1493 1916 1542 parte

227 1572 386 1600 ovorum
407 1571 520 1598 ranae
550 1557 768 1599 esculentae
801 1560 838 1598 et
868 1557 1122 1612 temporariae
1154 1563 1288 1599 exstat.
1352 1559 1480 1599 Fovea
1501 1558 1539 1599 in
1562 1560 1725 1600 formam
1748 1559 1918 1601 infundi-

225 1630 307 1672 buli
328 1635 507 1671 excavata
533 1644 647 1684 saepe
673 1630 846 1671 albidum
877 1631 1037 1684 praebet
1069 1631 1237 1672 colorem
1276 1634 1314 1670 et
1343 1630 1485 1671 circulo
1518 1630 1648 1672 albido
1681 1631 1919 1674 circumdata

226 1708 295 1746 est.
332 1708 369 1743 et
399 1703 438 1743 in
477 1702 556 1743 ovis
586 1702 806 1743 recentibus
837 1702 965 1743 statim
994 1706 1081 1757 post
1109 1707 1263 1756 partum
1296 1702 1375 1742 fere
1407 1702 1587 1743 omnibus
1616 1708 1653 1743 et
1674 1704 1915 1746 foecundatis

227 1780 264 1816 et
295 1788 373 1815 non
405 1773 645 1815 foecundatis
685 1773 790 1813 facile
823 1773 1079 1825 cognoscitur.

345 1845 479 1886 Paullo
516 1848 603 1899 post
637 1845 972 1885 foecundationem
1012 1844 1211 1886 obscurior
1257 1847 1295 1885 lit
1339 1860 1384 1887 eo
1426 1847 1531 1900 quod
1575 1846 1675 1898 nigri
1719 1846 1776 1887 vel
1814 1846 1918 1887 -l'usci

224 1917 340 1958 vitelli
374 1917 535 1970 granula
564 1918 613 1959 ad
647 1930 731 1957 eam
761 1916 868 1970 quasi
899 1917 1137 1971 implendam
1158 1917 1298 1959 arctius
1330 1919 1628 1960 condensantur.
1663 1921 1916 1973 (gruuffbveae

225 1993 455 2030 (τοπωηιιιῒατῐο
489 1992 656 2044 primum
694 1990 868 2029 indicium
906 1997 958 2029 est
977 1991 1289 2043 -foececulationis.
1352 1991 1397 2030 In
1436 1991 1515 2032 ovis
1559 2004 1637 2031 non
1676 1990 1916 2032 foecundatis

225 2063 333 2103 fovea
365 2076 433 2116 per
464 2062 594 2115 plures
629 2062 710 2103 dies
742 2075 819 2102 non
850 2066 1030 2102 mutatur.
1093 2062 1244 2102 Eodem
1277 2062 1394 2102 modo
1428 2066 1469 2102 ut
1509 2062 1547 2102 in
1582 2061 1684 2103 ranis
1733 2061 1847 2102 etiam
1877 2061 1916 2102 in

229 2136 422 2175 Tritonmn
454 2134 533 2175 ovis
565 2135 740 2174 nondum
772 2133 1011 2174 foecundatis
1042 2132 1142 2174 hanc
1172 2134 1321 2174 foveam
1352 2133 1465 2187 plane
1493 2133 1739 2188 perspicuam
1773 2133 1912 2175 inveni.

227 2209 422 2247 Prevost
442 2210 479 2246 et
502 2208 695 2247 Damas.
720 2219 884 2258 quorum
905 2205 1075 2246 virorum
1098 2205 1300 2257 diligentia
1321 2210 1359 2245 et
1381 2205 1571 2246 subtilitas
1600 2205 1639 2246 iu
1671 2206 1912 2247 observando

224 2291 337 2331 saepe
378 2293 399 2318 a
440 2277 550 2319 nobis
589 2277 741 2318 laudata
777 2282 845 2325 esu
885 2277 1097 2331 disquirere
1137 2281 1390 2318 tentaverunt.
1435 2291 1552 2330 quem
1580 2278 1762 2331 praebeat
1795 2276 1912 2318 situm

223 2348 319 2390 haec
358 2350 467 2390 fovea
508 2349 546 2389 in
585 2349 890 2401 segmentatione
935 2362 1105 2389 ovorum.
1169 2348 1344 2389 Primum
1383 2349 1533 2389 sulcum
1564 2349 1603 2390 in
1635 2349 1762 2390 media
1801 2349 1910 2390 fovea

223 2420 371 2462 initium
418 2435 553 2474 capere
598 2435 666 2462 seu
708 2422 836 2461 foveae
880 2420 1040 2462 vicinam
1084 2420 1323 2461 invenerunt.
1403 2420 1506 2471 Quae
1552 2420 1631 2475 ipse
1674 2422 1722 2461 de
1768 2419 1911 2461 haere
