2135 2728
1040 151 1084 189 15

209 256 408 298 observavi
439 254 535 296 haec
564 259 665 296 sunt.
698 255 742 295 ln
781 253 948 295 maxima
979 266 1140 294 ovorum
1171 258 1278 307 parte
1311 254 1419 295 fovea
1449 259 1535 307 post
1567 255 1903 296 foecundationem

206 328 405 383 paullatim
443 327 648 375 evanescit,
680 326 731 367 ita
773 329 814 366 ut
852 325 976 379 primo
1009 323 1115 365 sulco
1153 329 1362 378 apparente
1394 324 1514 370 locus,
1548 340 1624 378 quo
1655 330 1767 368 antea
1788 327 1906 368 situm

208 399 369 441 haberet
391 400 510 447 fovea.
539 412 608 452 pro
632 401 736 437 certo
759 396 909 437 definiri
932 411 1009 438 non
1037 395 1170 450 possit.
1234 397 1435 437 Interdum
1470 411 1560 438 vero
1591 399 1791 441 residuum
1822 401 1904 442 eius

208 478 326 515 restat
356 473 443 527 plus
475 471 651 512 minusve
690 470 848 511 clarum.
890 471 933 510 In
968 469 1108 510 talibus
1140 468 1220 510 ovis
1249 468 1416 522 primum
1454 469 1605 511 sulcum
1636 475 1739 512 iun-m
1766 476 1904 527 foveae

207 546 395 587 ras-iduum
435 542 575 584 exoriri
608 542 812 583 observare
855 541 972 596 potui.
1046 541 1174 582 Etiam
1215 542 1387 582 secundo
1424 541 1530 582 sulco
1563 547 1717 584 exarato
1755 544 1902 585 foveam

207 616 334 659 adhuc
366 629 524 657 cernere
556 615 664 669 potui
695 619 733 655 et
770 631 791 655 a
829 615 935 656 sulco
969 628 1045 655 non
1078 617 1230 654 tactam.

325 686 430 737 Quae
469 686 517 728 sit
559 687 690 727 foveae
723 685 999 738 germinativae
1030 685 1086 727 vis
1119 689 1235 738 atque
1278 690 1411 726 natura
1446 687 1619 727 nondum
1663 689 1905 742 exploratum

207 758 409 800 habemus.
464 761 661 799 Premst
700 764 738 799 et
770 760 963 799 Imma.-
999 759 1256 800 ‹·i‹·atri‹·ul‹1m
1296 772 1381 798 eam
1420 758 1709 812 appellaverunt
1743 766 1780 801 et
1817 775 1906 802 cum

208 829 424 871 cicatricula
456 829 583 871 avium
621 844 782 871 owirum
809 834 1091 884 compararunt.
1127 845 1228 883 quae
1271 830 1429 884 quidem
1471 832 1704 885 comparatio
1749 834 1905 874 omnino

207 916 284 944 non
336 903 510 955 quadrat.
586 905 799 943 Bam-im
845 901 1017 942 canalem
1065 901 1288 956 descripsit.
1336 902 1399 955 qui
1442 918 1460 942 a
1505 904 1610 943 fovea
1653 903 1906 955 germinativa

205 973 351 1029 prodit⁷
402 978 439 1013 et
485 973 523 1014 in
566 988 702 1015 cavum
750 987 910 1027 parvum
959 972 997 1013 in
1050 974 1179 1014 medic
1223 974 1337 1016 vitelli
1384 974 1499 1016 situm
1546 975 1639 1015 exit.
1697 977 1802 1028 quod
1845 991 1904 1017 re—

206 1046 363 1088 siduum
407 1059 491 1087 esse
533 1045 705 1086 maculae
744 1044 1019 1097 germinativae
1061 1045 1218 1099 putavit.
1284 1048 1463 1087 Fortasse
1507 1048 1614 1088 t'ovca
1652 1049 1701 1088 ad
1748 1050 1904 1089 foecun-

207 1119 402 1160 dationem
454 1118 639 1172 pertinet.
702 1131 747 1157 eo
802 1122 842 1157 ut
897 1118 1230 1171 spermatozohliis
1284 1119 1382 1159 viam
1437 1119 1475 1160 in
1530 1119 1644 1159 vitelli
1704 1119 1904 1161 interiores

207 1196 334 1246 partes
383 1190 596 1245 patefaciat.
672 1190 880 1244 illieropyle
932 1204 1092 1231 ovorum
1135 1204 1315 1231 ranarum
1362 1192 1535 1232 nendum
1580 1192 1780 1233 [discripta
1832 1199 1900 1233 est.

206 1264 387 1305 Attamen
419 1262 584 1303 dubitari
621 1262 754 1315 nequit
786 1262 879 1315 quin
909 1263 1231 1316 spermatozoidia
1263 1263 1301 1304 in
1344 1278 1459 1305 ovum
1503 1269 1716 1318 penetrent.
1780 1265 1901 1319 Equi-

208 1337 297 1377 dem
342 1335 380 1376 in
433 1335 524 1383 ovis,
575 1348 673 1387 quae
728 1334 838 1375 variis
882 1334 1201 1386 segmentationis
1243 1335 1376 1377 stadiis
1428 1336 1538 1377 acido
1594 1336 1740 1377 oxalicc
1787 1336 1901 1376 indu-

206 1411 285 1448 rata
316 1407 535 1461 perquisivi.
584 1420 698 1461 saepe
740 1419 929 1458 magnum
970 1407 1383 1461 spermatozoidiorum
1430 1422 1636 1449 numerum
1676 1408 1753 1449 vidi
1804 1408 1901 1448 inter

206 1479 265 1521 ovi
295 1483 509 1532 segmenta.
555 1480 690 1531 Itaque
726 1479 1008 1533 explorandum
1039 1484 1109 1529 est.
1141 1480 1189 1521 sit
1220 1495 1268 1521 ne
1300 1481 1409 1522 fovea.
1440 1481 1692 1533 germinativa
1723 1481 1753 1523 is
1786 1481 1901 1522 vitelli

204 1551 322 1601 locus,
376 1553 481 1593 unde
521 1552 843 1606 spermatozoidia
886 1552 1041 1601 intrent,
1088 1552 1111 1593 i.
1152 1567 1186 1593 e.
1225 1554 1423 1608 miempyle
1454 1556 1496 1593 ut
1539 1553 1589 1594 ita
1628 1554 1753 1594 dicam
1791 1555 1902 1595 vitelli

203 1628 328 1680 ipsius.
369 1623 474 1674 Quae
499 1623 690 1665 sententia
723 1637 769 1664 eo
803 1623 957 1677 probari
991 1624 1154 1673 videtur,
1188 1625 1293 1677 quod
1326 1625 1433 1666 fovea
1465 1625 1592 1666 statim
1624 1631 1711 1680 post
1742 1626 1900 1666 foecun-

205 1696 400 1736 daticnem
432 1695 663 1736 secludatur.

321 1768 500 1809 Fortasse
534 1782 623 1808 cum
657 1767 728 1808 hac
760 1768 894 1808 foveae
927 1768 1189 1809 obstructione
1222 1768 1385 1809 alterum
1410 1768 1657 1809 coniunctum
1691 1775 1748 1811 est
1779 1768 1898 1823 phae-

204 1851 409 1887 nomenon.
456 1841 561 1892 quod
593 1844 743 1880 tantum
776 1839 813 1880 in
848 1839 928 1880 ovis
964 1840 1204 1882 foecundatis
1236 1844 1370 1882 exstat.
1417 1840 1455 1881 in
1497 1840 1576 1882 ovis
1621 1855 1697 1881 non
1741 1842 1898 1882 foecun-

207 1909 303 1951 datis
337 1911 590 1952 desideratur.
634 1913 781 1952 Notum
812 1916 870 1952 est
904 1925 975 1953 ova
1005 1926 1096 1953 mox
1128 1917 1215 1967 post
1246 1917 1398 1966 partum
1428 1912 1545 1953 talem
1577 1914 1763 1966 praebere
1795 1914 1897 1967 posi-

204 1981 360 2022 tionem.
394 1987 437 2023 ut
457 1983 569 2036 nigra
589 1998 659 2025 seu
680 1985 787 2025 fusca
808 1984 925 2025 vitelli
946 1998 1034 2038 pars
1056 1998 1234 2038 superne.
1259 1984 1346 2025 alba
1366 1984 1513 2025 inferne
1536 1990 1680 2037 vergat.
1715 1986 1898 2037 Ignotum

205 2067 294 2094 vero
326 2060 395 2103 est.
428 2054 528 2097 hanc
559 2056 790 2110 positionem
822 2073 844 2098 a
874 2057 1170 2098 foecundatione
1210 2057 1442 2110 dependere.
1506 2056 1797 2110 Saepenumero
1830 2071 1896 2099 ex-

203 2125 463 2178 perimentum
498 2128 645 2170 institui
677 2143 722 2169 co
754 2130 884 2178 modo,
922 2133 963 2169 ut
993 2144 1069 2170 una
1101 2143 1190 2170 cum
1223 2127 1314 2169 ovis.
1358 2142 1453 2180 quac
1491 2131 1570 2168 arte
1605 2129 1892 2170 tbecundarem.

204 2197 275 2238 alia
321 2199 589 2253 depromerem
633 2215 729 2254 quae
779 2215 856 2242 non
903 2202 1134 2242 foecundata
1176 2214 1462 2248 conservarem.
1517 2205 1554 2240 et
1598 2214 1687 2240 cum
1738 2202 1894 2242 foecun-

205 2269 302 2311 datis
343 2284 617 2325 compararem.
688 2274 850 2328 Semper
892 2274 1031 2322 evenit.
1075 2278 1117 2314 ut
1156 2273 1236 2314 sola
1267 2286 1336 2313 ova
1367 2273 1596 2313 foecundata
1628 2271 1738 2321 hanc.
1779 2288 1894 2327 quam

206 2342 403 2396 descripsi.
436 2343 667 2397 positionem
699 2347 940 2399 praeberent,
975 2361 1045 2388 ova
1078 2360 1156 2387 non
1188 2345 1417 2386 foecundata
1454 2358 1544 2385 vero
1582 2344 1621 2384 in
1654 2345 1792 2384 eadem
1823 2358 1891 2398 po-

203 2412 340 2455 sitione
371 2421 626 2466 remanerent,
660 2431 776 2470 quam
806 2418 845 2459 in
876 2432 921 2459 eo
959 2422 1157 2459 momento
1189 2423 1431 2471 acceperunt,
1467 2430 1542 2470 quo
1581 2430 1702 2469 aquae
1735 2416 1891 2457 immer-
