2346 2869
513 622 723 676 Reliquum
755 627 825 673 est,
868 626 910 663 ut
951 621 1138 664 solemnia
1181 621 1251 663 rite
1291 620 1522 669 indicantur,
1575 618 1715 673 quibus
1755 630 1862 660 sacra
1903 617 2088 661 memoria

397 707 557 751 REGIS
603 707 980 758 AVGVSTISSIMI,
1025 707 1137 749 DIVI
1175 705 1453 748 FRIDERIOE
1485 705 1742 747 GVILELMI
1777 706 1847 756 ΠΙ,
1894 703 2087 747 Vniversi-

397 793 484 836 tatis
529 797 682 836 nostrae
724 792 932 835 conditoris
975 790 1322 833 munificentissimi
1364 791 1426 846 pie
1471 790 1621 844 riteque
1663 789 1865 832 recoletur.
1928 787 2087 831 Pietatis

397 882 550 921 nostrae
582 878 760 934 publicus
788 878 978 933 interpres
1012 876 1083 919 erit
1112 876 1169 919 vir
1200 876 1481 920 illustrissimus
1512 875 1705 917 Henricus
1738 875 1786 915 de
1818 874 1934 928 Sybel
1967 872 2088 916 histo-

396 963 474 1005 riae
494 964 689 1019 professor
709 962 887 1019 publicus
918 961 1145 1004 ordinarius.
1189 962 1316 1004 Finita
1347 961 1517 1003 oratione
1550 960 1714 1003 solemni
1744 958 1886 1001 iudicia
1918 958 2088 1012 quinque

398 1048 579 1090 ordinum
615 1050 663 1090 de
693 1048 907 1090 litterarum
939 1045 1211 1089 certaminibus
1249 1060 1349 1088 anno
1393 1045 1599 1101 praeterito
1641 1044 1743 1086 initis
1786 1042 2089 1085 enuntiabuntur

398 1139 436 1176 et
466 1148 587 1176 novae
620 1133 864 1188 quaestiones
901 1137 1176 1188 proponentur.
1238 1132 1341 1174 Huic
1378 1132 1496 1185 igitur
1541 1129 1773 1174 solemnitati.
1818 1133 1861 1170 ut
1903 1127 2089 1170 interesse

395 1219 525 1270 velint‚
573 1218 797 1261 auctoritate
842 1217 1001 1260 rectoris
1039 1216 1246 1271 magnifici,
1291 1216 1527 1270 illustrisque
1566 1218 1721 1257 senatus
1755 1211 2089 1261 OVRATOREM,

397 1304 466 1347 VN
469 1303 794 1347 IVERSITATIS
810 1302 1105 1353 EGREGIVM,
1122 1301 1494 1345 PROFESSORES
1511 1298 1872 1348 AMPLISSIMOS,
1897 1296 2091 1339 DOOTO-

397 1389 497 1433 RES
515 1388 869 1439 CLARISSIMOS,
893 1387 1287 1430 COMMILITONES
1311 1384 1703 1434 ORNATISSIMOS,
1726 1379 2091 1426 MAGISTRATVS

398 1473 811 1518 SPECTATISSMOS
833 1472 901 1514 ET
924 1471 1196 1524 QVOTQVOT
1220 1470 1393 1513 REBVS
1415 1468 1634 1512 NOSTRIS
1655 1468 1722 1509 ET
1749 1463 2091 1529 LITTERARVM

397 1559 600 1603 STVDIIS
630 1559 774 1601 BENE
799 1558 1019 1609 VOLVNT,
1060 1571 1136 1612 qua
1171 1570 1239 1612 par
1278 1560 1336 1599 est
1374 1554 1627 1605 observantia,
1656 1568 1703 1595 ex
1735 1552 1862 1595 officio
1894 1563 2089 1603 rogamus,

395 1643 612 1687 invitamus.
676 1644 719 1696 Q.
752 1644 802 1685 D,
841 1644 889 1685 B.
928 1644 972 1686 V.
