2135 2728
1066 143 1087 182 9

341 247 423 287 Iam
474 244 593 286 altera
639 249 793 286 nostrae
841 242 1076 296 quaestionis
1122 258 1208 298 pars
1256 246 1455 286 tractanda
1508 250 1587 287 est:
1641 249 1910 300 quaerendum

210 319 327 360 enim.
363 332 460 371 quae
494 317 543 359 sit
578 330 692 358 causa
723 320 762 356 et
792 320 929 356 natura
958 315 1157 370 plicarum.
1202 329 1297 369 quas
1334 316 1462 358 verbis
1494 322 1532 357 et
1564 318 1697 371 liguris
1726 319 1817 361 satis
1846 334 1910 361 co-

208 391 315 444 piose
345 395 388 431 ut
422 390 573 431 videtur
607 387 895 442 descripsimus.
959 387 1225 439 Segmentatio
1253 401 1414 428 ovorum
1447 393 1554 430 actus
1587 395 1645 431 est
1675 391 1808 433 vitalis.
1846 392 1910 445 qui

209 462 356 517 primus
388 460 562 514 sequitur
594 460 945 508 foecundationem,
979 465 1018 501 et
1047 459 1278 514 principium
1312 460 1540 503 evolutionis
1574 463 1805 516 cmbryonis.
1846 465 1910 506 Vi-

209 534 323 575 tellus
357 541 465 574 cum⁰
478 531 616 573 nucleo
648 546 733 573 suo.
782 531 973 573 vesiculae
1014 531 1290 584 germinativae
1321 532 1477 573 nomine
1516 534 1718 588 appellato.
1761 535 1912 577 interna

209 606 376 660 quadam
420 605 454 647 vi
490 604 704 645 diffinditur
754 604 793 645 in
834 604 1042 658 particulas
1090 604 1229 645 nucleo
1273 604 1478 658 praeditas.
1525 620 1686 647 numero
1730 621 1907 648 crescon-

208 683 288 720 tes.
337 677 607 730 magnitudine
652 678 941 718 decrescentes.
985 691 1080 731 quas
1123 676 1280 718 cellulas
1328 677 1585 718 nominandas
1629 679 1726 720 inter
1772 693 1908 722 omnes

211 751 289 791 fere
334 754 492 791 constat.
568 750 702 804 Ipsum
753 762 867 790 ovuui
912 749 1090 790 cellulam
1135 763 1219 790 esse
1261 762 1376 790 nemo
1429 763 1505 790 non
1552 751 1750 791 concedit.
1815 751 1908 792 item

209 822 560 874 segmentationem
618 820 677 862 ovi
732 819 826 861 nihil
877 821 982 862 aliud
1036 834 1121 862 esse
1175 834 1219 862 ac
1278 820 1438 861 cellulae
1501 821 1748 863 divisionem.
1804 824 1908 876 quod

210 898 269 936 est
300 894 450 935 initium
487 893 611 934 omnis
652 892 892 934 evolutionis.
934 892 1222 947 propagationis
1267 898 1305 934 et
1344 892 1572 934 incrementi
1610 893 1784 934 omnium
1828 895 1910 935 ani-

209 965 379 1007 malium.
457 965 630 1006 Obscura
675 968 713 1005 et
764 963 935 1005 tenebris
987 964 1227 1006 densissimis
1282 964 1432 1005 occulta
1482 969 1540 1005 est
1591 965 1644 1006 vis
1698 965 1770 1008 illa,
1836 980 1910 1019 qua

212 1037 346 1079 divisio
388 1037 548 1078 cellulae
582 1037 630 1077 ad
671 1035 991 1091 propagationem
1029 1036 1246 1078 necessaria
1287 1036 1440 1077 initium
1478 1036 1612 1091 capiat.
1663 1038 1811 1079 occulta
1850 1042 1908 1079 est

211 1111 309 1152 sicut
345 1124 459 1151 causa
499 1109 673 1151 omnium
712 1113 891 1150 motuum
933 1108 1216 1161 organicorum.
1279 1109 1461 1150 Attamen
1502 1122 1645 1150 nomen
1689 1111 1781 1151 dare
1821 1110 1911 1152 licet

206 1183 242 1224 vi
274 1182 339 1232 illi⁷
382 1195 456 1236 qua
486 1185 615 1224 motus
653 1182 696 1222 fit
729 1181 769 1222 in
800 1181 1026 1236 corporibus
1059 1180 1262 1234 organicis.
1310 1185 1348 1222 et
1380 1195 1616 1235 quamquam
1649 1182 1806 1223 nomine
1839 1198 1905 1223 ex-

205 1255 335 1310 plicari
378 1259 416 1296 et
458 1254 658 1296 dilucidari
697 1258 884 1307 nequeat.
930 1258 1059 1295 tamen
1098 1257 1249 1295 certum
1291 1258 1329 1294 et
1373 1254 1625 1295 constitutum
1665 1268 1808 1296 nomen
1851 1255 1906 1296 rei

205 1326 341 1370 clarius
372 1327 644 1382 percipiendae
678 1326 848 1368 inservit.
910 1327 1002 1368 Tale
1049 1331 1108 1368 est
1149 1340 1293 1368 110111011
1325 1327 1640 1373 Contractilitatis,
1674 1341 1751 1381 quo
1783 1328 1904 1380 signi-

205 1402 363 1442 ficamus
395 1414 551 1442 causam
581 1403 759 1440 motuum
791 1399 1075 1452 organicorum,
1110 1398 1175 1453 qui
1206 1413 1253 1439 ex
1282 1398 1505 1440 elasticitate
1535 1399 1616 1440 sola
1646 1414 1725 1441 non
1757 1401 1904 1455 depen-

206 1474 342 1515 dentes
379 1486 572 1526 nusquam
602 1471 675 1513 nisi
706 1471 746 1513 in
776 1476 878 1513 statu
908 1471 1012 1513 vitali
1047 1472 1313 1514 observantur,
1376 1472 1459 1513 Iam
1497 1472 1570 1513 alio
1611 1472 1773 1527 exposui
1805 1472 1901 1520 1000,

207 1545 372 1586 maxime
415 1544 620 1586 verisimile
654 1558 739 1586 esse
780 1544 1005 1586 cellularum
1040 1544 1269 1586 divisionem
1314 1560 1336 1585 a
1375 1546 1653 1586 cont,metilitate
1695 1546 1903 1600 protoplas-

204 1621 315 1658 matis
352 1618 587 1671 dependere.
661 1615 897 1658 Oellularum
927 1616 1190 1671 protoplasma
1230 1616 1521 1658 contractilitate
1560 1617 1780 1671 praeditum
1814 1630 1899 1659 esse

205 1689 537 1731 observationibus
568 1689 915 1731 innumerabilibus
946 1690 1155 1743 probatum
1186 1694 1254 1731 est.
1299 1690 1470 1731 Ovorum
1502 1704 1656 1743 quoque
1687 1689 1904 1744 protoplas-

205 1761 308 1809 mati.
341 1761 592 1816 zooplasmati
622 1761 681 1802 vel
716 1775 792 1815 quo
830 1761 902 1803 alio
934 1760 1091 1802 nomine
1116 1760 1248 1802 vitelli*
1264 1761 1519 1803 substantiam
1553 1761 1676 1802 vivam
1706 1761 1899 1815 appellare

204 1834 309 1876 velis.
361 1833 693 1875 contractilitatem
738 1833 901 1875 inditam
945 1847 1030 1875 esse
1069 1837 1229 1875 constat.
1294 1832 1412 1874 Cuius
1450 1833 1567 1874 vitelli
1589 1819 1899 1875 'cona-aotilitatis

208 1906 428 1961 exemplum
462 1910 767 1948 commemoratu
799 1906 967 1947 maxime
1002 1906 1167 1959 dignum
1200 1903 1528 1958 Rosciam-tuf)
1572 1905 1821 1958 investigavit
1864 1907 1902 1948 in

206 1978 333 2020 vitello
366 1992 526 2020 ovorum
564 1980 695 2020 Esocis
726 1980 823 2019 lucii.
872 1978 932 2019 De
966 1978 1105 2032 quibus
1137 1976 1234 2019 haec
1273 1977 1384 2018 dicit:
1424 1977 1529 2024 ..Der
1562 1976 1903 2030 Nahrungsdotter

208 2051 276 2092 des
306 2050 516 2093 Hechteies
548 2050 722 2093 erweiset
753 2049 835 2092 sich
870 2049 992 2092 daher
1023 2050 1077 2092 als
1111 2050 1196 2090 eine
1228 2049 1450 2090 contractile
1486 2049 1688 2091 Substanz.
1734 2050 1796 2090 die
1832 2050 1901 2091 der

206 2121 574 2177 morphologischen
595 2121 915 2164 Beschaffenheit
940 2121 1040 2164 nach
1068 2136 1130 2163 am
1152 2121 1317 2163 meisten
1349 2122 1418 2161 der
1440 2127 1709 2173 sogenannten
1726 2121 1898 2164 Sarkode

207 2195 275 2236 der
312 2194 555 2237 wirbellosen
586 2194 726 2236 'Phiere
762 2194 919 2247 gleicht,
953 2196 1034 2236 und
1070 2209 1119 2235 an
1150 2192 1318 2236 welcher
1357 2191 1456 2234 nach
1492 2193 1618 2234 einem
1650 2194 1899 2235 bestimmten

207 2265 427 2321 Rhythmus
449 2266 731 2323 peristaltische
753 2269 1036 2321 Bewegungen
1058 2267 1292 2310 aust1·eten⁴‘.
1335 2265 1435 2306 Item
1463 2263 1796 2322 Ῑῗίῑιιυφενιιεω)
1830 2280 1899 2306 ova

307 2389 338 2425 9)
360 2389 471 2418 Archiv
493 2389 539 2417 fiir
562 2390 725 2425 Anatomie,
750 2390 939 2427 Physiologie
962 2393 1015 2418 etc.
1044 2390 1132 2424 1857,
1156 2399 1184 2427 p.
1200 2389 1248 2415 51.

289 2440 337 2472 10)
360 2439 455 2468 Ueber
477 2440 524 2468 die
545 2440 717 2469 Eierstiicke
739 2441 791 2469 der
814 2440 1006 2477 Si'tugethiere
1028 2440 1087 2468 und
1110 2439 1160 2468 des
1183 2437 1352 2466 Menschen.
1383 2438 1470 2471 1863,
1495 2446 1523 2474 p.
1540 2438 1573 2465 51
1591 2447 1633 2474 sq.
