2135 2728
1020 141 1066 179 13

191 246 250 288 Re
286 259 375 287 vera
404 244 442 285 in
475 244 567 286 ovis.
607 256 703 297 quae
738 256 808 297 per
841 243 919 283 duo
952 241 1013 282 vel
1055 246 1133 285 tres
1170 243 1252 285 dies
1295 244 1333 285 in
1373 243 1447 286 hoc
1486 245 1634 298 liquore
1670 251 1894 289 conservata

191 323 293 367 sunt,
334 318 562 359 membrana
599 315 790 368 quaedam
824 314 863 355 in
900 314 1104 369 superficie
1135 315 1265 357 vitelli.
1297 316 1471 371 inprimis
1510 317 1623 370 nigri.
1658 324 1696 359 et
1731 332 1891 361 ovorum

190 391 432 444 integrorum
475 393 514 430 et
550 388 657 430 sulco
688 387 814 442 primo
846 387 907 428 vel
944 387 1118 429 secundo
1163 393 1386 429 ornatorum
1420 389 1552 431 detolli
1596 394 1734 444 potest.
1797 391 1891 433 Sae-

191 461 348 517 pissime
381 474 467 502 eam
504 458 739 513 praeparavi,
790 457 1034 510 similemque
1072 457 1341 498 membranam
1379 458 1417 499 in
1462 462 1778 516 Petromgszontam
1810 461 1890 503 ovis

191 530 381 586 inveni&
419 545 517 585 quae
553 534 632 572 arte
666 530 999 585 foecundaveram5
1061 530 1186 571 Nemo
1218 544 1320 571 vero.
1356 530 1418 584 qui
1457 531 1671 573 accuratius
1714 532 1887 573 animum

191 604 355 647 advertit
386 604 425 645 in
456 602 573 644 huius
612 603 860 644 membranae
893 616 964 643 seu
994 602 1101 642 strati
1131 603 1382 656 superficialis
1411 608 1539 645 ortum
1572 608 1609 643 et
1644 604 1885 658 adspectum.

192 678 352 719 credere
393 680 538 730 potest.
589 676 894 717 Remakiano
944 673 1008 714 illo
1057 675 1323 729 experimento
1370 676 1635 729 quaestionem
1688 677 1762 717 iam
1805 690 1890 718 esse

191 749 368 798 solutam.
405 753 537 789 utrum
568 747 714 802 primae
746 745 1066 799 segmentationis
1098 760 1259 788 ovorum
1294 752 1421 801 partes
1458 748 1693 790 membranis
1726 750 1889 803 propriis

190 821 403 863 vestiantur
434 834 506 861 nec
541 834 602 860 ne.
665 819 939 860 Ramaskius
970 817 1053 872 ipse
1087 824 1287 861 memorat.
1330 820 1369 860 in
1409 825 1526 861 strato
1566 820 1630 861 illo
1662 822 1889 874 superficiali

192 907 364 941 ovorum.
398 893 504 946 quod
543 891 969 933 ..Eizellenmembra11··
1007 890 1212 944 appellavit
1242 905 1395 946 semper
1428 892 1538 933 insita
1572 907 1656 934 esse
1687 893 1890 936 innumera

192 966 366 1019 granula.
411 977 509 1018 quae
550 964 709 1016 quidem
749 962 927 1003 efficiant.
976 966 1016 1002 ut
1060 961 1157 1003 haec
1197 964 1423 1004 membrana
1466 978 1542 1005 non
1582 965 1694 1018 plane
1741 966 1892 1009 diversa

192 1040 367 1081 videatur
389 1054 408 1079 a
445 1038 560 1079 vitelli
593 1036 816 1079 substantia.
850 1035 1055 1077 Paullatim
1089 1037 1249 1078 demum
1281 1051 1324 1077 ac
1357 1037 1597 1091 pedetentim
1630 1036 1729 1079 hanc
1767 1053 1891 1080 mem-

193 1113 353 1153 branam
395 1109 688 1152 substantialem
720 1114 761 1150 ut
800 1110 850 1150 ita
893 1109 1019 1150 dicam
1051 1106 1134 1149 fieri
1173 1107 1212 1148 in
1250 1108 1529 1161 posterioribus
1571 1109 1891 1161 segmentationis

191 1183 324 1226 stadiis
371 1183 581 1223 confirmat.
656 1182 707 1222 Et
752 1196 872 1234 quum
918 1181 956 1221 in
1000 1180 1080 1222 ovis
1125 1180 1288 1221 aliorum
1332 1180 1555 1221 animalium
1601 1181 1650 1221 ita
1687 1182 1811 1235 partis
1854 1187 1892 1223 et

191 1254 407 1310 pellucidis.
453 1258 495 1295 ut
537 1254 690 1306 integra
735 1252 988 1307 microscopio
1034 1252 1229 1294 observari
1275 1252 1433 1306 possint.
1483 1258 1785 1307 perscrutatores
1829 1267 1891 1294 ac-

193 1326 423 1369 curatissimi
462 1326 731 1367 membranam
771 1325 809 1366 in
855 1325 1082 1366 cellularum
1130 1326 1450 1379 segmentationis
1494 1327 1705 1382 primarum
1758 1340 1894 1381 super-

192 1399 276 1441 ficie
307 1399 481 1441 invenire
518 1412 597 1440 non
629 1402 852 1453 potuerunt.
899 1401 937 1438 et
968 1398 1048 1438 fere
1090 1411 1225 1439 omnes
1257 1398 1325 1439 viri
1365 1399 1466 1440 docti
1505 1414 1593 1440 cum
1631 1400 1893 1448 Bischofm

194 1473 394 1519 Fit-alcio,
446 1472 723 1512 Kollilsero.
768 1470 850 1511 aliis
885 1470 1187 1512 consentierunt.
1231 1472 1497 1513 membranam
1533 1472 1727 1526 propriam
1759 1471 1797 1511 in
1832 1468 1893 1511 his

194 1543 340 1586 cellulis
385 1543 499 1597 plane
546 1544 704 1585 deesse:
753 1541 1021 1596 quaestionem
1061 1555 1159 1595 quae
1208 1542 1375 1596 pertinet
1414 1544 1462 1584 ad
1508 1557 1668 1585 ovorum
1712 1557 1893 1585 ranarum

192 1617 459 1658 membranam
482 1615 590 1657 novis
613 1615 990 1669 accuratioribusque
1019 1613 1353 1668 disquisitionibus
1386 1615 1514 1655 denuo
1543 1617 1782 1657 tractandam
1809 1628 1893 1657 esse

193 1692 360 1743 apparet.
424 1687 531 1729 Sicut
569 1701 709 1728 corona
738 1687 926 1742 plicarum
955 1687 1037 1728 sola
1070 1686 1318 1726 membranae
1349 1685 1593 1727 existentiam
1625 1687 1788 1740 probare
1820 1688 1893 1729 mi-

193 1761 296 1802 nime
329 1758 463 1812 nequit
497 1756 559 1811 (cf.
598 1758 713 1799 etiam
743 1772 840 1812 quae
884 1759 1101 1800 Funkizts
1132 1759 1279 1813 profert
1315 1758 1352 1799 in
1390 1759 1562 1799 secunda
1597 1759 1766 1801 editione
1804 1760 1891 1801 libri

195 1834 243 1874 de
282 1831 525 1887 physiologia
563 1844 664 1872 anno
700 1830 813 1872 1858
855 1830 1081 1885 conscripti.
1125 1845 1146 1871 a
1180 1831 1464 1872 Guentliero
1505 1829 1685 1872 inchoati.
1730 1845 1817 1885 pars
1839 1832 1890 1874 ΙΙ.

194 1919 231 1959 p.
257 1902 404 1957 1192):
436 1904 487 1944 ita
520 1905 762 1945 Remakii
800 1903 926 1957 liquor
960 1916 1032 1945 seu
1061 1902 1158 1943 alius
1186 1902 1362 1955 ‘quisque
1401 1901 1685 1944 alcoholisatus.
1730 1902 1794 1956 qui
1826 1917 1891 1945 su-

194 1976 313 2017 bitam
344 1976 460 2017 efficit
492 1976 803 2029 coagulationem
835 1975 953 2017 vitelli
985 1974 1216 2029 superficiei.
1262 1975 1311 2014 ad
1348 1975 1588 2028 probandam
1623 1975 1889 2016 membranam

195 2047 371 2089 sufficere
405 2062 483 2090 uon
512 2053 652 2103 potest.
697 2049 798 2089 Nam
828 2047 996 2088 maxima
1027 2046 1279 2099 granulorum
1305 2046 1421 2087 vitelli
1452 2060 1552 2100 pars.
1588 2061 1702 2100 quam
1735 2061 1890 2102 semper

194 2119 234 2160 in
254 2124 384 2169 strato⁷
418 2121 467 2161 de
496 2134 572 2174 quo
604 2121 756 2174 agimus
788 2119 1029 2175 superficiali,
1063 2132 1142 2160 non
1173 2119 1434 2160 adhaerentem
1455 2119 1522 2159 sed
1550 2122 1697 2159 insitam
1729 2118 1889 2161 invenis.

197 2204 292 2243 quae
324 2192 486 2245 granula
514 2193 554 2233 in
585 2192 770 2247 superiori
804 2192 920 2234 vitelli
962 2196 1070 2246 parte
1110 2192 1262 2232 fuscum
1301 2191 1488 2245 praebent
1526 2190 1707 2233 colorem.
1753 2190 1805 2232 ita
1848 2197 1891 2231 ut

297 2380 345 2416 17)
369 2380 422 2408 Die
447 2380 856 2423 Entwickelungsgeschichte
878 2390 934 2409 von
956 2381 1146 2417 Petromyzon
1166 2380 1298 2408 Planerz'.
1342 2378 1416 2405 Eine
1438 2387 1494 2406 von
1516 2378 1567 2405 der
1591 2377 1815 2406 Hollimdischeu
1840 2377 1890 2405 So-

196 2430 285 2457 cietiit
309 2431 361 2459 der
380 2430 631 2459 Wissenschasten
654 2430 797 2467 gekrbnte
816 2429 1011 2459 Preisschrist.
1055 2430 1191 2458 Haarlem
1215 2430 1305 2463 1856,
1326 2439 1354 2466 p.
1373 2429 1400 2456 3.
